3092 5134
776 507 1000 576 ..28-

302 704 346 773 sit
375 701 464 773 illud
494 727 604 792 genus
639 699 797 783 dicendi,
828 727 942 790 neque
973 699 1076 771 desiit
1106 726 1251 772 crescere
1283 698 1378 789 apud
1408 703 1484 789 epi

301 836 425 900 gonos.

391 917 646 989 Gravissimum
669 940 752 986 vero
777 926 1017 1046 argumentum
1049 916 1086 984 in
1109 912 1296 984 formula
1287 939 1362 1002 ipsa
1385 917 1483 1004 posi

301 1034 376 1094 tum
400 1034 459 1094 est
507 1025 601 1093 Nam
625 1021 820 1093 verbum
795 1023 968 1112 ayopniew
991 1023 1171 1093 recentiori
1202 1019 1344 1092 demum
1377 1025 1483 1093 aetati

301 1131 468 1202 vindicari
491 1156 593 1220 posse
618 1129 738 1201 infra
729 1155 765 1199 1n
782 1155 855 1218 cap.
872 1133 994 1201 XVIII
1020 1153 1245 1218 exponemus,
1269 1130 1378 1219 magis
1394 1155 1482 1200 vero

301 1238 452 1310 alienum
483 1249 534 1309 est
564 1262 758 1326 pronomen
789 1243 949 1314 τοιαῦτα,
984 1235 1083 1326 quod
1114 1238 1151 1306 in
1174 1234 1483 1325 complexionibus

302 1344 397 1434 apud
422 1349 618 1416 Homerum
645 1342 728 1415 alibi
751 1345 912 1433 ignotum
943 1354 1011 1424 est,
1042 1355 1077 1414 at
1099 1344 1273 1414 invenitur
1303 1341 1357 1413 bis
1381 1343 1482 1431 apud

302 1451 500 1532 Pindarum,
524 1451 651 1522 deinde
676 1450 770 1540 apud
794 1445 942 1540 tragicos
966 1448 1146 1538 (Aeschyl.
1173 1451 1251 1531 Sim,
1277 1449 1383 1538 Soph.
1398 1451 1483 1531 Sim,

302 1561 418 1648 Eurip
457 1559 659 1648 nusquam)
718 1559 884 1647 Demque
921 1559 1040 1628 tritum
1078 1568 1130 1628 est
1167 1557 1262 1646 apud
1301 1559 1484 1646 prosaicos

302 1664 545 1754 (Thucydides
571 1667 652 1736 30¹n
653 1667 691 1751 ⁵.)

391 1776 487 1844 Haec
511 1771 556 1844 de
579 1775 787 1861 pronomine
802 1776 954 1839 τοιαῦτα.
996 1771 1064 1843 Sed
1088 1773 1197 1862 magis
1213 1728 1324 1862 legem
1340 1770 1482 1861 frangit,

301 1879 400 2010 quod
424 1881 521 1951 iuxta
543 1878 632 1951 illud
655 1885 797 1947 τοιαῦτα
830 1881 971 1967 insuper
1000 1880 1122 1950 retinet
1145 1890 1248 2009 poeta
1271 1877 1482 1950 adverbium

301 2012 352 2065 ως.
401 1986 535 2058 Indicat
565 1989 668 2076 igitur
691 1986 748 2057 ille
772 1988 924 2075 primum
947 1983 1165 2056 adverbio‘'
1138 2013 1181 2064 oc
1213 1984 1314 2056 solita
1345 1986 1484 2056 ratione

301 2092 388 2165 facta
412 2120 484 2164 esse
508 2092 623 2174 verba,
655 2093 784 2164 deinde
807 2095 1014 2182 pronomine
1037 2099 1179 2161 τοιαῦτα
1204 2092 1334 2163 addit
1325 2118 1483 2181 insuper,

301 2200 410 2290 quid
446 2200 578 2271 dictum
613 2203 673 2282 sit,
712 2200 749 2271 id
786 2198 886 2290 quod
921 2198 1115 2290 analogiam
1149 2198 1245 2348 apud
1281 2203 1483 2271 Homerum

300 2332 473 2398 nusquam
496 2305 611 2409 habet

389 2397 611 2487 Ceterum
585 2442 615 2485 s1
645 2427 763 2486 contra
787 2441 899 2486 meam
931 2417 1134 2503 opinionem
1164 2426 1279 2486 tamen
1301 2413 1384 2485 haee
1408 2413 1483 2485 for

299 2522 393 2594 mula
411 2526 569 2593 Homero
585 2524 775 2612 antiquiori
791 2520 994 2603 debebatur,
1010 2521 1194 2592 manifesto
1211 2548 1253 2592 ex
1269 2548 1309 2592 ea
1325 2520 1382 2592 ille
1398 2546 1483 2610 pro,

299 2632 482 2701 nominum
505 2630 542 2700 in
566 2628 851 2701 conclusionibus
875 2655 959 2700 usus
982 2629 1096 2710 fluxit,
1120 2653 1225 2718 quem
1247 2630 1483 2701 recentiorum

215 2798 217 2802 .
300 2749 480 2826 poetarum
504 2739 684 2826 proprium
708 2761 781 2808 esse
805 2738 1043 2826 exposuimus.

760 3044 887 3165 cap.
926 3045 1015 3142 lv.

389 3222 450 3289 De
474 3218 772 3289 conclusione
797 3217 1096 3306 complurium
1120 3219 1387 3289 orationum.

391 3381 552 3453 Formula
586 3380 630 3459 (ὃς
660 3385 695 3448 οἳ
721 3388 784 3468 μὲν
817 3387 959 3447 τοιαῦτα
995 3382 1080 3470 πρδς
1114 3379 1280 3468 ἀλλήλους
1315 3379 1483 3469 ἀγόρευον
1528 3458 1529 3485 1

299 3502 430 3579 praeter
454 3488 529 3571 alia,
561 3515 650 3578 quae
674 3491 711 3559 in
734 3487 956 3560 antecedente
980 3491 1089 3577 capite
1114 3491 1401 3568 enumeravimus,
1434 3515 1481 3560 eo
1528 3508 1529 3541 I

300 3622 444 3687 quoque
467 3595 631 3668 notabilis
655 3608 723 3678 est,
756 3595 856 3686 quod
880 3607 983 3684 poeta
1015 3595 1246 3684 complurium
1279 3597 1483 3668 orationum

300 3729 468 3775 summam
493 3704 748 3793 complectitur,
781 3705 843 3793 qui
867 3729 951 3794 usus
974 3715 1143 3792 repugnat
1165 3702 1233 3794 legi
1258 3705 1482 3786 Homericae,

300 3836 406 3900 quam
429 3814 526 3901 pg.9
550 3813 741 3882 statuimus.
790 3813 877 3880 Non
901 3809 1016 3881 solum
1039 3809 1158 3899 prodit
1180 3809 1262 3881 haec
1287 3812 1374 3881 ratio
1407 3836 1483 3899 qua

300 3916 493 4006 complures
522 3920 693 3989 orationes
726 3919 763 3988 in
787 3943 897 3988 unum
921 3919 1021 4006 quasi
1049 3916 1175 3988 fascem
1199 3919 1483 3990 consarcinantur

299 4036 404 4096 artem
427 4023 587 4096 narrandi
611 4025 810 4113 politiorem
833 4036 867 4095 et
890 4025 1116 4105 ornatiorem,
1149 4023 1211 4095 sed
1244 4026 1345 4095 etiam
1376 4028 1483 4096 ceteri

298 4156 434 4214 versus,
466 4133 528 4222 qui
561 4131 706 4203 eandem
729 4131 944 4203 functionem
967 4131 1114 4213 habent,
1145 4134 1213 4221 ipsi
1237 4129 1482 4221 compluribus

299 4238 435 4310 indiciis
466 4264 575 4310 seram
605 4241 776 4330 originem
798 4239 962 4311 indicant.
1007 4240 1136 4330 Agitur
1166 4251 1281 4311 autem
1312 4237 1357 4310 de
1388 4237 1483 4311 duo,

299 4344 411 4419 decim
434 4345 504 4417 fere
527 4345 630 4417 locis:
655 4355 690 4412 A
707 4347 778 4417 304
801 4351 891 4437 seq.;
916 4356 947 4412 E
967 4347 1056 4427 239;
1081 4354 1112 4413 Z
1126 4347 1216 4428 2323
1241 4353 1273 4412 K
1288 4347 1369 4427 254,
1394 4347 1482 4418 295,
