3092 5134
823 1330 866 1389 A.

349 1468 437 1535 Non
460 1464 568 1535 multa
592 1464 746 1535 notanda
769 1476 851 1535 sunt
874 1464 919 1535 ad
944 1467 1094 1554 primum
1114 1465 1253 1549 librum,
1278 1470 1340 1557 qui
1358 1470 1433 1539 iure

258 1573 346 1642 inter
379 1583 460 1642 vett.
497 1583 704 1642 numeratur.
750 1572 801 1642 At
835 1583 950 1642 tamen
988 1574 1184 1644 recentioris
1218 1577 1434 1646 tractationis

258 1678 386 1749 indicia
408 1680 445 1749 in
468 1678 490 1749 l.
515 1680 614 1749 initio
639 1690 672 1749 et
695 1678 764 1749 fine
789 1678 934 1749 elucent.

348 1784 582 1856 Difficultates
606 1784 712 1856 efficit
735 1787 844 1874 prima
868 1787 990 1867 oratio,
1019 1812 1125 1875 quam
1153 1785 1257 1858 habet
1281 1786 1433 1876 Chryses

259 1892 436 1973 sacerdos3
460 1918 540 1969 nam
563 1894 600 1962 in
623 1892 696 1963 ind.
720 1901 756 1958 A
784 1894 908 1978 lSslbt

473 2010 606 2067 ...καὶ
630 2000 826 2066 ἐλίσσετο
850 2001 984 2078 πάντας
1008 1999 1171 2085 Ἀχαιούς,

472 2106 622 2196 Ἀτρεΐδα
649 2107 686 2173 δὲ
708 2108 855 2192 μάλιστα
882 2160 940 2173 ...

259 2212 406 2310 verbum
422 2217 600 2280 λίσσεσθαι
616 2212 704 2284 anal.
721 2212 915 2284 nonhabet
938 2215 1004 2285 nisi
1027 2216 1064 2284 in
1087 2240 1151 2285 rec.
1168 2214 1325 2285 versibus
1342 2222 1373 2280 Z
1386 2217 1434 2285 45

249 2319 399 2409 Ἕκτορος
422 2331 478 2387 καὶ
495 2319 720 2409 Ἀνδρομάχης
746 2319 862 2405 ὁμιλία
871 2351 881 2401 ,·
908 2322 1024 2391 0660
1048 2320 1107 2408 (cf.
1127 2320 1216 2392 Rob.
1242 2346 1298 2411 pg.
1328 2323 1434 2408 l4l);

262 2435 293 2493 Φ
318 2429 387 2498 368
420 2427 480 2515 (cf.
505 2426 624 2498 Christ
655 2426 700 2497 ad
734 2434 766 2493 Φ
791 2428 897 2513 228);
932 2434 961 2493 Ω
985 2430 1075 2508 485;
1108 2455 1127 2493 ιι
1151 2429 1232 2499 264.
1279 2430 1435 2499 Gravius

259 2546 500 2624 argumentum
524 2546 574 2605 est
596 2536 633 2604 in
657 2533 765 2605 concl.
791 2543 826 2599 A
850 2535 914 2604 22:

316 2703 319 2706 ,
419 2640 493 2708 ἔνθ’
516 2639 612 2707 ἄλλοι
635 2647 697 2726 μὲν
722 2643 848 2719 πάντες
870 2641 1110 2729 ἐπευφήμησαν
1134 2641 1270 2726 Ἀχαιοί.

259 2747 427 2838 Neglecta
462 2750 691 2819 summatione
727 2750 841 2819 statim
876 2748 1040 2837 particula
1079 2746 1170 2815 ἔνθα
1209 2747 1434 2838 significatur,

259 2854 347 2945 quid
371 2853 521 2925 effecerit
543 2854 601 2925 illa
617 2857 738 2926 oratio.
776 2858 856 2926 Hoc
872 2854 984 2926 multo
1000 2857 1108 2953 magis
1126 2880 1247 2944 prosae
1264 2857 1434 2925 orationis

259 2964 338 3033 usui
361 2961 549 3051 respondet
572 2987 678 3051 quam
695 2964 896 3033 Homerico.
937 2963 1123 3033 Sescenties
1140 2961 1324 3052 particulae
1342 2960 1436 3029 ἔνθα

259 3081 292 3140 et
306 3070 383 3135 τότε
400 3081 583 3140 occurrunt
598 3068 817 3159 perlustranti
832 3068 1077 3159 Xenophontis
1098 3080 1131 3139 et
1148 3067 1300 3139 Platonis
1317 3094 1436 3158 opera.

261 3178 399 3248 Sim'et
422 3175 565 3246 fortasse
590 3174 786 3246 abeodem
810 3187 947 3246 auctore
972 3187 1022 3246 est
1046 3175 1155 3247 concl.
1179 3184 1214 3241 A
1237 3175 1343 3262 921²)

387 3293 444 3348 καὶ
467 3285 543 3349 τότε
568 3283 608 3370 δη
633 3284 785 3371 θάρσησε
808 3292 865 3348 καὶ
888 3280 978 3369 ηὔδα
1001 3284 1122 3368 μάντις
1145 3282 1299 3368 αἷμύμων,

259 3388 322 3460 ubi
345 3389 420 3460 duo
444 3389 612 3460 accedunt
635 3391 850 3479 gravamina:

353 3497 388 3582 l)
413 3498 527 3567 statim
559 3495 680 3566 eadem
711 3498 878 3566 sententia
908 3494 1085 3566 inducitur
1115 3521 1263 3587 sequens
1295 3522 1345 3565 or.
1369 3495 1436 3567 dir.

262 3601 322 3690 (cf.
347 3629 420 3693 cap.
445 3603 531 3688 IX);

350 3712 389 3796 2)
413 3712 623 3780 rarissimum
647 3721 697 3781 est
720 3708 867 3780 verbum
891 3708 1037 3798 simplex
1062 3708 1177 3776 αιῖὄᾶν
1208 3711 1244 3779 in
1276 3708 1348 3780 ind.
1373 3708 1436 3796 (cf.

260 3844 333 3908 cap.
349 3818 463 3903 XXI).

348 3926 460 3995 Etiam
483 3925 519 3993 in
542 3922 617 3994 aliis
640 3922 809 4004 versibus
842 3926 904 4014 qui
928 3934 1062 3994 exstant
1093 3925 1130 3993 in
1161 3921 1241 3993 libri
1265 3932 1300 3988 A
1323 3923 1436 4003 initio,

260 4030 350 4102 Rob.
367 4029 545 4121 complura
568 4032 703 4102 serioris
727 4032 845 4101 aetatis
862 4030 990 4102 indicia
1005 4032 1040 4101 vi
1057 4031 1238 4120 oppressit.
1265 4031 1318 4101 Sic
1335 4037 1370 4094 A
1390 4030 1435 4098 l7

154 4208 159 4218 ,
260 4141 334 4228 (pg.
373 4138 461 4223 213)
499 4136 548 4218 id,
588 4137 687 4227 quod
727 4162 849 4207 omnes
885 4135 989 4208 codd.
1025 4135 1201 4217 exhibent,
1240 4137 1436 4223 ἐυκνήμιδες

350 4317 377 4386 l)
396 4312 430 4373 cf.
450 4315 548 4387 hymn.
568 4321 599 4372 in
618 4318 704 4373 Merc.
725 4318 785 4373 521.
