3092 5134
571 539 609 550 ..
658 502 703 571 57
753 540 792 550 -

542 699 667 820 Cap.
702 703 819 798 XX.

481 876 546 944 De
569 873 707 945 verbo
731 879 879 942 ἴσχειν,

184 1035 242 1104 Bis
281 1061 351 1105 vox
393 1039 496 1100 ἴσκειν
535 1036 571 1104 in
610 1034 818 1106 carminibus
858 1040 967 1107 Hom.
1003 1049 1083 1127 post
1117 1063 1167 1108 or.
1206 1036 1270 1108 dir.

90 1143 252 1230 ponitur:

199 1294 218 1332 τ
242 1268 311 1337 203
336 1271 427 1332 ἴσκε
451 1267 582 1355 ψεύδεα
607 1268 716 1332 πολλοὶ
742 1269 847 1350 λέγων
871 1269 1038 1352 ἐτύμοισιν
1063 1268 1173 1354 ὁμοῖα,

200 1402 221 1458 χ
245 1374 287 1444 31
314 1378 433 1441 ἴσκεν
456 1378 591 1452 ἕκαστος
616 1373 712 1462 ἀνήρ,

90 1501 158 1590 qui
181 1499 249 1571 loci
272 1501 339 1570 iam
363 1500 444 1570 viris
476 1497 588 1569 doctis
621 1501 772 1589 antiquis
805 1526 885 1571 cura
909 1513 942 1571 et
965 1527 1048 1572 crux
1072 1501 1213 1573 fuerunt
1236 1514 1269 1573 et

90 1633 207 1696 usque
232 1605 391 1677 adhunc
417 1604 510 1677 diem
534 1618 668 1676 exstant
692 1617 730 1676 ut
753 1609 910 1696 aenigma
926 1607 1088 1679 nondum
1103 1608 1268 1680 solutum.

91 1712 163 1785 Sed
198 1740 233 1784 re
268 1725 421 1784 accurate
457 1715 648 1784 examinata
684 1712 826 1784 conlido
862 1740 917 1785 me
949 1714 1083 1805 aliquid
1115 1715 1269 1787 conferre

90 1847 197 1910 posse
221 1819 265 1891 ad
289 1818 510 1910 explicandas
533 1819 609 1890 illas
632 1818 864 1892 difficultates.

184 1944 353 2035 Impedita
425 1956 475 2016 est
531 1956 619 2016 recta
684 1946 868 2035 explicatio
908 1946 1069 2018 ¹illarum
1136 1946 1265 2018 fotmus

90 2052 203 2123 larum
242 2050 357 2122 adhuc
400 2078 460 2132 eo,
500 2051 599 2142 quod
637 2054 702 2122 viri
740 2051 836 2124 docti
871 2093 903 2103 -
942 2055 1031 2125 inter
1069 2081 1128 2125 eos
1167 2055 1268 2125 etiarn

91 2158 254 2234 Lehrsius
278 2162 357 2228 »De
373 2160 479 2230 Arist.
496 2157 620 2229 studiis
638 2162 769 2230 Hom«
793 2186 850 2249 pg.
868 2162 914 2231 97
939 2200 971 2210 -
996 2162 1137 2231 nimiam
1162 2160 1269 2232 fidem

90 2265 269 2337 habebant
292 2264 492 2336 Aristarcho
524 2277 557 2336 et
580 2266 800 2348 Aristonico,
832 2269 894 2358 qui
926 2267 1144 2339 affirmabant
1167 2273 1269 2334 ἴσκειν

91 2373 284 2463 significare
325 2371 420 2462 apud
456 2376 652 2444 Homerum
699 2373 890 2459 »inerma«.
949 2376 1070 2464 Atque
1112 2374 1269 2464 profecto

91 2478 249 2551 concedo
279 2504 353 2552 eam
384 2479 670 2569 significationem
701 2483 737 2568 in
761 2481 930 2571 plurimos
961 2481 1057 2553 locos
1089 2480 1268 2572 quadrare,

91 2600 128 2659 at
151 2589 187 2657 in
211 2589 252 2657 iis
276 2585 320 2657 de
345 2586 474 2676 quibus
499 2613 565 2676 ago
588 2586 745 2659 versibus
770 2591 843 2659 sine
867 2588 979 2659 dubio
1004 2591 1035 2659 ei
1059 2591 1147 2659 inest
1169 2577 1268 2659 notio

86 2692 292 2774 dicendi,
328 2720 417 2783 quae
449 2695 550 2764 etiam
582 2720 685 2765 sensu
716 2695 921 2785 postulatur.
979 2694 1090 2784 Quod
1122 2697 1158 2765 in
1190 2720 1267 2784 pror

88 2799 212 2891 patulo
237 2811 286 2871 est
309 2801 346 2870 in
369 2827 470 2872 versu
493 2829 514 2885 χ
540 2803 580 2871 31

398 2928 399 2932 ’
490 2931 579 2993 ἴσκεν
603 2932 738 3006 ἕκαστος
763 2928 849 3016 α’νήρ

89 3054 129 3139 (i.
155 3078 183 3121 e.
220 3076 281 3121 »so
317 3063 410 3141 sagte
441 3050 717 3140 jedermann.«1)
744 3047 747 3054 ⁴
770 3056 908 3125 Exstitit
942 3056 1047 3144 igitur
1081 3054 1264 3125 manifesto

88 3157 236 3230 verbum
278 3162 380 3224 ἴσκειν
423 3160 566 3229 notione
613 3158 753 3231 dicendi
796 3160 1009 3250 praeditum,
1056 3173 1268 3251 quapropter

89 3264 212 3336 eadem
248 3267 378 3336 ratione
414 3292 433 3335 a
463 3264 650 3338 Theocrito
685 3279 719 3338 et
748 3267 870 3358 Apoll.
896 3266 1038 3339 Rhodio
1075 3267 1267 3340 exhibetur.

91 3371 160 3443 Sed
185 3397 317 3443 novum
349 3370 386 3442 id
411 3371 477 3443 fuit
500 3372 646 3443 verbum
669 3372 827 3456 dicendi,
863 3373 962 3465 quod
993 3373 1136 3445 demum
1166 3387 1269 3463 post

92 3483 289 3550 Homerum
320 3481 357 3549 in
389 3505 491 3550 usum
515 3483 618 3551 venit.
666 3483 722 3552 De
746 3481 809 3552 illo
832 3482 912 3553 loco
940 3511 960 3567 χ
984 3483 1027 3552 31
1054 3506 1174 3553 omnes
1198 3480 1268 3553 fere

90 3588 156 3656 viri
191 3585 286 3657 docti
322 3589 542 3658 consentiunt
577 3614 656 3659 eum
692 3600 730 3659 ut
762 3588 1037 3661 additamentum
1072 3588 1267 3660 eiciendum

92 3719 175 3764 esse.
212 3694 344 3764 Nonne
368 3698 470 3760 ἴσκειν
495 3696 596 3765 etiarn
612 3723 631 3761 τ
647 3697 717 3766 203
743 3696 934 3786 significare
959 3706 1073 3785 potest
1088 3694 1267 3766 »dicereci

93 3802 172 3870 Sine
196 3798 326 3871 dubiol
372 3802 539 3890 Aperitur
562 3828 682 3874 sensus
713 3802 819 3874 huius
850 3831 987 3885 versus,
1020 3807 1151 3876 sicum
1176 3829 1267 3874 coms

92 3931 251 3994 paramus
276 3932 354 3977 cum
377 3907 457 3978 libri
479 3937 504 3993 μ
527 3935 628 3980 versu
652 3911 802 3981 insiticio
831 3912 897 3982 165
909 3942 915 3982 :

197 4023 221 4119 ἤ
242 4059 292 4098 τοι
316 4033 379 4114 ἐγώ
403 4035 446 4099 τοὶ
472 4038 595 4100 ἕκαστα
621 4036 725 4118 λέγων
750 4038 895 4124 ἑτάροισι
921 4050 1117 4122 πίφαυσκον.

92 4198 307 4206 -μ--οω-

185 4267 211 4336 1)
231 4265 416 4327 Particularia
443 4286 459 4322 a
478 4267 685 4338 posterioribus
707 4273 786 4325 iuxta
805 4273 929 4325 omnia
947 4268 1034 4327 verba
1053 4273 1146 4326 omitti
1165 4278 1260 4341 potest

94 4353 172 4426 apud
192 4357 352 4413 Homerum
371 4375 462 4413 unum
481 4356 602 4415 verbum
621 4351 637 4422 ἧ
656 4356 735 4415 nude
754 4363 881 4431 ponitur.
