3092 5134
718 495 970 563 -142-

345 692 462 759 Restat
477 700 516 759 ut
532 689 605 776 ipse
628 715 772 779 quoque
793 716 888 759 meae
905 689 1134 778 disputationi
1152 691 1432 780 complexionem

256 794 422 876 adseram,
454 822 543 885 quae
568 796 712 885 quidem
736 797 944 887 respondeat
968 796 1183 886 praefationi.
1223 802 1312 887 xHoc
1336 824 1432 888 praes

258 904 357 975 stabo
393 930 594 994 comparans
630 908 797 976 rationem
829 906 1000 995 loquendi
1032 908 1177 997 eiusque
1208 905 1433 978 »historiam«

257 1037 336 1082 curn
359 1023 439 1082 arte.
488 1015 591 1100 Quas
611 1013 698 1083 inter
721 1038 757 1082 se
783 1012 1049 1101 quodammodo
1083 1012 1262 1083 cohaerere
1286 1016 1345 1084 vix
1370 1016 1433 1085 erit

257 1120 319 1206 qui
341 1132 453 1209 neget.
500 1119 705 1191 Luculenter
735 1119 772 1189 id
804 1120 915 1191 oculis
946 1122 1072 1191 nostris
1104 1146 1139 1190 se
1169 1118 1271 1190 offert
1302 1122 1338 1190 in
1352 1133 1432 1207 arte

257 1228 496 1315 antiquissima
528 1229 752 1297 Graecorum.
797 1230 929 1297 Nonne
964 1218 1000 1297 in
1031 1227 1282 1298 vetustissimae
1314 1226 1432 1298 Iliadis

257 1330 415 1403 formulis
462 1345 733 1423 repraesentatur
777 1333 834 1403 illa
873 1346 963 1404 aetas
1002 1334 1100 1414 artis,
1147 1359 1252 1422 quam
1292 1345 1433 1423 propter

258 1450 461 1510 structuram
497 1441 595 1511 certis
630 1440 766 1531 legibus
803 1442 1065 1512 convenientem
1100 1452 1133 1510 et
1167 1452 1308 1530 propter
1342 1466 1433 1528 syme

258 1547 413 1617 metriam
437 1559 470 1617 et
493 1549 758 1618 concinnitatem
787 1546 1023 1617 membrorum
1054 1547 1268 1637 appellamus
1292 1547 1432 1618 »stilum

258 1656 556 1741 geometricum?
581 1656 725 1744 Quippe
749 1656 786 1724 in
811 1666 956 1743 utraque
981 1666 1049 1724 arte
1073 1652 1166 1724 idern
1183 1656 1433 1742 incorruptum,

259 1758 410 1849 rigidum
434 1772 467 1831 et
490 1760 612 1831 stabile
637 1760 852 1850 plenumque
875 1762 1060 1851 gravitatis.

348 1867 416 1937 Sed
452 1870 630 1938 Homerus
664 1869 751 1939 vixit
786 1866 852 1937 sub
887 1867 992 1938 finem
1027 1856 1120 1938 illius
1155 1870 1291 1949 aetatis,
1327 1894 1434 1957 quam
1528 1956 1529 1959 Ἴ

259 1974 467 2045 carminibus
498 1973 645 2045 celebrat
676 1988 709 2047 et
740 2001 782 2044 er
816 2001 885 2063 qua
916 1973 990 2054 illas
1021 1973 1149 2045 formas
1177 1976 1434 2063 antiquissimas
1528 2054 1529 2057 Ἴ

258 2096 448 2172 acceperat;
471 2086 589 2174 itaque
612 2084 789 2173 paulisper
810 2084 970 2155 videmus
995 2110 1156 2174 apparere
1174 2083 1302 2153 indicia
1318 2109 1431 2154 novae
1528 2096 1529 2099 ’

259 2192 377 2261 aetatis
401 2193 579 2284 -incipit
603 2217 655 2261 ars
678 2192 791 2262 ionica
816 2230 860 2271 -,
893 2218 982 2279 quae
1006 2190 1080 2261 illas
1104 2202 1235 2261 veteres
1265 2189 1433 2260 formulas

259 2297 387 2386 rigidas
427 2299 635 2368 ornamentis
671 2299 824 2368 venustis
864 2309 897 2368 et
935 2295 1060 2386 lepidis
1099 2296 1265 2366 illustrare
1306 2294 1431 2366 studet.

259 2403 392 2475 Taedet
415 2404 651 2494 simplicitatis,
675 2393 821 2475 delectat
844 2404 999 2474 variatio:

349 2514 514 2602 Denique
538 2514 626 2583 sicut
648 2511 767 2601 multa,
797 2537 886 2601 quae
909 2510 1068 2581 homines
1093 2521 1367 2599 procreaverunt,
1397 2510 1433 2579 in

260 2617 451 2690 absurdum
475 2630 612 2700 exeunt,
636 2620 682 2688 ita
706 2620 808 2689 etiam
828 2644 880 2689 ars
897 2617 1065 2688 aberravit
1089 2629 1212 2688 arecta
1228 2619 1294 2687 via.
1331 2615 1432 2705 Quid

260 2728 385 2800 mirum
415 2724 509 2795 idem
539 2724 702 2797 accidisse
733 2728 769 2795 in
793 2751 835 2795 eo
859 2723 1030 2814 loquendi
1062 2751 1146 2805 usu,
1179 2750 1285 2813 quem
1309 2726 1434 2794 examis
1528 2728 1529 2781 ἓ

261 2834 436 2903 navimusl
475 2832 664 2903 Adductus
688 2831 806 2903 studio
830 2832 1002 2902 varietatis
1027 2843 1060 2902 et
1074 2830 1262 2902 'alacritatis
1279 2833 1434 2900 Nonnus

261 2950 331 3009 tam
365 2941 497 3028 ineptas
533 2950 566 3009 et
599 2937 767 3009 absurdas
802 2936 969 3008 formulas
1005 2939 1219 3026 composuit,
1255 2949 1294 3007 ut
1327 2938 1434 3007 risum

261 3057 418 3117 nostrum
449 3058 596 3117 moveat.
642 3044 820 3115 Adhibuit
847 3047 939 3115 enim
968 3044 1073 3115 verba
1104 3044 1183 3115 talia
1215 3056 1253 3115 ut
1285 3045 1439 3133 ppoissccv„

262 3154 442 3230 στενάζειν,
466 3153 716 3241 ἑπωδύρεσθαι,
734 3155 913 3238 φορμίζων,
934 3151 1289 3249 ἱμάσσεσθαι,,ἰοὲχειν,
1308 3149 1433 3226 οἷϋτεῐν,

264 3258 439 3336 οἷναϋτεῑν,
476 3261 657 3346 δέρκεσθαι
688 3270 769 3339 etc,
804 3256 865 3328 sed
900 3284 944 3328 ne
978 3259 1109 3346 respuit
1140 3256 1284 3347 quidem
1314 3268 1434 3327 taetras

264 3365 338 3435 illas
355 3363 531 3446 formulas
549 3365 668 3455 quales
684 3366 818 3435 inveni:
836 3363 1073 3453 οἷποῤῥοιβδεῑν
1089 3376 1122 3435 et
1138 3363 1329 3451 dusprdyew
1345 3362 1432 3441 ἔπος.
