3092 5134
554 1349 816 1494 Odyssea.

188 1669 431 1760 Progredimur
454 1670 499 1742 ad
515 1669 762 1760 Odysseam
786 1671 1063 1762 perquirendam,
1088 1672 1149 1745 sed
1173 1675 1202 1744 si
1226 1674 1270 1745 de

97 1804 138 1848 ea
153 1780 297 1867 agimus,
320 1804 394 1849 non
410 1778 530 1850 eadem
554 1777 742 1850 subtilitate
763 1804 854 1869 opus
871 1782 942 1860 erit,
967 1779 1066 1869 quod
1091 1780 1269 1869 complura

98 1911 188 1975 quae
211 1884 256 1956 ad
281 1884 424 1956 Iliadem
455 1888 603 1975 exposui
627 1888 729 1957 etiam
757 1886 802 1958 de
827 1886 988 1975 Odyssea
1011 1886 1143 1968 valent;
1175 1913 1269 1976 praes

97 2005 189 2065 terea
226 1992 311 2063 nolo
350 2005 518 2082 repetere,
566 2020 655 2083 quae
693 1996 762 2064 iam
800 1992 844 2064 de
884 1992 1065 2083 Odysseae
1112 1992 1270 2065 formulis

99 2102 279 2171 occasione
288 2098 368 2172 data
377 2102 571 2189 anticipavi.
589 2099 1064 2191 Recordaberisenim,quam
1072 2102 1270 2191 propinqua

98 2209 143 2278 sit
154 2208 423 2278 novissimorum
437 2205 554 2278 Iliadis
571 2208 760 2278 carminum
772 2206 883 2279 dictio
897 2205 1078 2296 Odysseae
1089 2207 1270 2278 locutioni.

97 2313 245 2386 Accedit
263 2315 412 2395 tertium,
437 2312 536 2403 quod
553 2312 726 2386 attendas:
752 2316 920 2404 quoniam
942 2318 1072 2386 totius
1090 2314 1271 2403 Odysseae

96 2422 229 2493 locutio
268 2423 490 2492 recentiorem
530 2421 680 2492 colorem
719 2421 802 2504 fert,
849 2421 960 2493 multo
1003 2421 1180 2493 difficilius
1221 2434 1271 2493 est

96 2530 247 2619 genuina
278 2526 469 2600 discernere
499 2529 544 2600 ab
573 2527 827 2601 additamentis.
881 2531 1047 2618 Denique
1071 2527 1269 2616 Odysseam

96 2662 169 2707 non
184 2648 363 2726 tantopere
379 2635 706 2725 interpolationibus
722 2636 898 2709 foedatam
915 2662 987 2708 esse
1004 2660 1109 2725 quam
1127 2632 1270 2705 Iliadem

97 2746 134 2813 in
170 2742 355 2833 propatulo
391 2755 452 2813 est.
510 2746 612 2832 Quae
647 2768 725 2813 cum
753 2745 801 2815 ita
827 2745 906 2825 sint,
941 2769 995 2813 me
1022 2732 1190 2831 restringo
1225 2738 1270 2811 ad

97 2853 312 2923 notationem
335 2852 612 2939 gravissimarum
635 2875 758 2921 rerum.

187 2960 352 3029 Ceterum
375 2958 423 3029 rei
446 2968 566 3028 natura
591 2956 711 3028 datum
735 2969 786 3028 est
810 2954 991 3044 Odysseae
1016 2968 1146 3045 poetas,
1172 2954 1271 3045 quod

97 3067 182 3137 novi
214 3066 347 3154 generis
378 3063 514 3135 fabulas
542 3063 609 3134 sibi
641 3063 845 3135 enarrandas
881 3063 1135 3153 proponebant,
1171 3064 1270 3134 intera

97 3172 184 3244 dum
207 3198 316 3243 novas
340 3170 506 3242 formulas
529 3170 596 3242 sibi
620 3170 749 3261 fingere
769 3169 942 3242 debuisse.
983 3168 1050 3241 Sed
1072 3172 1101 3240 si
1125 3196 1180 3241 eas
1198 3174 1271 3260 per's

96 3280 231 3362 lustras,
254 3277 353 3350 vides
376 3278 421 3349 ab
444 3280 497 3359 iis,
526 3279 588 3367 qui
612 3275 794 3365 Odysseae
818 3279 965 3348 carmina
990 3289 1270 3366 composuerunt,

98 3412 172 3456 non
192 3388 260 3457 nisi
283 3411 360 3456 raro
384 3384 494 3474 frangi
517 3384 622 3475 leges,
650 3410 740 3474 quae
763 3383 859 3473 apud
885 3388 1081 3455 Homerum
1103 3386 1140 3454 in
1164 3381 1272 3454 Iliade

99 3492 225 3564 valent.

189 3604 362 3671 Praeterea
392 3600 460 3671 hoc
492 3626 636 3689 quoque
667 3597 921 3688 respiciendum
954 3610 1021 3669 est:
1061 3623 1139 3670 cum
1172 3596 1273 3669 valde

97 3706 316 3796 praevaleant
348 3709 386 3778 in
418 3705 579 3795 Odyssea
618 3706 793 3778 breviores
830 3705 909 3776 illae
943 3704 1113 3777 formulae
1150 3707 1211 3773 τὸν
1242 3706 1271 3771 δ’

95 3816 239 3902 ἠμείβετ’
265 3814 382 3910 ἔπειτα
406 3816 481 3885 sim.
506 3839 586 3903 prae
602 3813 669 3884 illis
686 3812 917 3894 uberioribus,
943 3838 1032 3903 quae
1048 3812 1213 3901 particula
1230 3810 1272 3889 iis

95 3921 321 4003 inducuntur,
352 3923 465 4010 poetis
496 3947 569 3992 non
591 3933 660 3992 tam
684 3947 786 4009 saepe
811 3920 945 3992 occasio
969 3918 1125 3991 variandi
1156 3931 1189 3990 et
1212 3945 1273 3989 no·

95 4026 205 4099 vandi
228 4056 264 4100 se
288 4028 450 4118 praebere
474 4040 617 4118 poterat.
