3092 5134
450 604 451 608 .
545 532 582 542 -
631 495 677 564 27
726 533 765 544 -

531 690 657 814 Cap.
696 695 785 791 lll.

337 869 401 937 De
425 866 759 956 complexionis
783 866 977 939 formula

135 970 186 1051 ὣς
210 976 252 1038 ολ
270 979 347 1060 μέν
369 979 556 1041 τοιαῦτα
581 974 688 1063 πρός
713 973 930 1062 ἀλλήλους
953 974 1178 1065 οἷγόρευον.

158 1137 193 1206 Si
224 1134 309 1223 duo¹
329 1134 385 1206 vel
415 1134 531 1224 plures
562 1134 726 1206 collocuti
757 1147 856 1218 sunt,
892 1140 1069 1207 Homerus
1103 1140 1140 1208 in
1174 1137 1244 1208 fine

64 1241 217 1314 diverbii
239 1241 414 1313 interdum
438 1241 582 1313 adhibet
605 1241 808 1314 formulam:

176 1427 180 1434 ι
228 1347 272 1427 ὥς
295 1353 331 1415 οἳ
348 1356 410 1436 μὲν
432 1354 575 1416 τοιαῦτα
599 1349 684 1439 πρδς
708 1349 874 1438 ἀλλήλους
898 1350 1071 1440 ἀγόρευον,

66 1482 173 1547 quam
197 1458 446 1528 vetustissimae
473 1455 574 1529 lliadi
598 1455 866 1529 abiudicandam
890 1484 962 1529 esse
987 1458 1173 1530 contendo.

157 1565 282 1635 Levius
313 1574 381 1644 est,
417 1563 516 1654 quod
548 1562 722 1635 eiusmodi
753 1563 942 1636 dictionem
976 1590 1049 1635 non
1079 1578 1168 1637 recte
1199 1565 1244 1637 ad

66 1670 258 1761 simplicem
295 1683 401 1743 artem
435 1669 596 1742 narrandi
631 1669 800 1760 quadrare
836 1673 947 1744 sentio
983 1683 1017 1743 et
1051 1672 1150 1763 quod
1182 1671 1244 1744 oba

65 1780 192 1851 servari
216 1789 332 1867 potest
353 1776 615 1868 interpolatores
639 1776 726 1849 hanc
751 1805 831 1849 sane
853 1778 1043 1869 elegantem
1059 1778 1244 1851 formulam

66 1911 168 1976 saepe
192 1884 404 1966 adhibuisse,
436 1896 475 1955 ut
498 1911 558 1955 eos
581 1910 711 1966 versus,
736 1910 827 1974 quos
851 1887 926 1975 ipsi¹
941 1886 1133 1968 infixerant,
1165 1912 1244 1958 cum

65 1995 226 2083 sequenti
271 1994 464 2064 narratione
511 1994 763 2064 concinnarent.
830 1997 990 2084 Longum
1036 2005 1087 2064 est
1131 2005 1244 2065 totum

66 2100 306 2189 exemplorum
341 2125 524 2170 numerum
555 2098 752 2181 exhaurire,
788 2099 850 2171 sed
881 2099 1000 2172 videas
1031 2126 1095 2190 pro
1126 2101 1244 2174 multis

67 2208 234 2297 exemplis
266 2233 392 2278 unum:
426 2205 519 2277 Libri
542 2215 573 2272 Ε
601 2233 720 2278 versus
744 2209 924 2279 259-273
960 2207 1061 2279 valde
1094 2210 1244 2298 suspecti

66 2327 165 2397 sunt,
198 2316 354 2404 sequitur
385 2326 500 2385 autem
522 2323 553 2380 Ε
575 2316 647 2385 274
671 2341 709 2386 ea
733 2340 840 2404 quarn
869 2326 1052 2386 tractamus
1084 2314 1244 2387 formula.

67 2427 188 2512 ltaque
223 2421 309 2492 mihi
344 2423 415 2492 veri
450 2421 664 2494 'simillimum
698 2420 837 2493 videtur
859 2430 890 2487 Ε
912 2423 984 2493 274
1016 2421 1146 2502 abeo,
1182 2424 1245 2511 qui

66 2529 148 2601 fecit
170 2538 201 2595 E
223 2530 414 2610 259-273,
439 2526 636 2599 adhibitum
660 2555 743 2610 esse,
776 2540 816 2600 ut
838 2528 930 2599 hunc
955 2554 1110 2618 pannum
1133 2555 1245 2600 narras

65 2638 154 2708 tioni
177 2638 337 2707 insueret.

157 2746 286 2833 Neque
310 2743 406 2815 aliter
429 2742 612 2814 manifesto
643 2769 696 2814 res
720 2770 755 2814 se
780 2741 886 2815 habet
914 2743 958 2814 de
982 2742 1043 2814 illo
1068 2768 1140 2813 uno
1164 2742 1245 2814 loco

65 2859 103 2916 11
115 2852 194 2931 101,
211 2877 316 2940 quem
330 2849 420 2922 Rob.
433 2852 683 2921 vetustissimae
696 2849 799 2921 lliadi
810 2849 1014 2921 adnumerat
1026 2852 1101 2940 (pg.
1112 2850 1244 2936 330).¹)

65 2966 103 3023 Π
122 2959 279 3028 93-100
303 2956 393 3028 Rob.
416 2959 491 3046 ipse
515 2959 613 3028 eiecit
636 2969 675 3028 ut
698 2959 867 3038 novicios,
895 2955 1026 3046 quibus
1050 2958 1152 3028 etiam
1175 2955 1243 3027 for·

65 3064 196 3135 mulam
219 3072 256 3130 Π
279 3066 342 3135 101
378 3063 595 3136 adnumerari
627 3063 790 3136 debuisse
819 3063 905 3134 mihi
928 3074 1071 3134 constat.
1118 3064 1244 3134 Totam

65 3170 160 3242 illam
191 3170 383 3242 Patrocleae
419 3183 550 3260 partem
585 3170 628 3242 ab
660 3169 905 3260 interpolatore
935 3171 1052 3240 ionico
1084 3168 1244 3241 funditus

65 3289 232 3349 mutatam
264 3305 336 3349 esse
362 3277 451 3350 Rob.
476 3304 533 3369 pg.
550 3280 598 3348 94
614 3305 686 3368 seq.
711 3290 744 3349 et
767 3279 840 3348 424
863 3303 935 3368 seq.
968 3279 1042 3366 ipse
1066 3279 1244 3348 concessit.

154 3385 302 3457 Accedit
325 3384 425 3475 quod
449 3387 549 3457 ceteri
573 3385 656 3466 loci,
691 3384 754 3457 ubi
785 3385 932 3476 legimus
962 3383 1166 3466 formulam,
1201 3384 1245 3456 de

65 3519 137 3582 qua
161 3494 283 3582 agitur,
312 3518 433 3563 omnes
457 3494 586 3564 novicii
610 3504 700 3563 sunt.
748 3495 892 3563 Exstant
915 3503 1030 3563 autern
1054 3502 1185 3580 septem
1208 3495 1246 3563 in

65 3597 185 3680 Iliade,
209 3611 244 3670 at
260 3598 410 3670 sedecim
433 3601 469 3669 in
486 3598 691 3688 Odyssea.²)
722 3598 846 3681 Vides,
870 3612 1084 3689 quantopere
1105 3611 1244 3671 auctum

158 3813 184 3884 l)
203 3812 295 3884 Quod
314 3812 388 3870 Rob.
408 3833 454 3885 pg.
467 3817 501 3870 95
520 3812 631 3871 scribit:
650 3834 717 3882 ».,..
737 3811 784 3871 fiir
802 3812 848 3872 die
867 3813 938 3884 (scil.
957 3812 1022 3871 llias
1040 3815 1243 3884 vetustissima)

63 3908 117 3961 wir
134 3901 195 3961 also
214 3902 259 3961 bis
273 3907 344 3976 jetzt
363 3901 499 3976 folgendc
518 3905 607 3962 Verse
626 3901 718 3961 dieses
737 3901 850 3961 Buchcs
868 3923 1032 3975 gewonnen
1050 3902 1161 3961 haben:
1182 3948 1188 3961 .
1210 3948 1216 3960 .

63 3995 162 4052 80-92
186 3997 238 4050 mit
261 3991 327 4051 dem
345 3990 578 4050 Zeuodotischen
596 3994 683 4058 Vers,
712 3991 842 4049 lot-130
861 4036 867 4048 .
887 4036 893 4048 .
913 4012 940 4049 ,ι
963 3991 1011 4050 ille
1030 4012 1166 4051 numerus
1188 3992 1236 4050 10⁹

61 4081 237 4155 typographi
252 4087 343 4140 errori
361 4081 461 4140 deberi
478 4080 600 4139 videtur.
637 4083 687 4138 An
705 4080 841 4139 titubavit
859 4080 933 4138 Rob.
953 4082 1037 4164 ipse?

154 4173 183 4244 2)
202 4171 307 4230 Similis
326 4180 368 4229 est
386 4170 486 4244 hymn.
505 4176 537 4229 in
555 4174 641 4248 Merp.
659 4168 771 4239 182l83:

312 4261 343 4322 rr
361 4263 386 4316 or
401 4267 448 4333 p«
464 4267 487 4335 ρ’
500 4264 592 4317 ram.
610 4263 671 4334 πρὸς
688 4259 809 4325 aulum
825 4259 946 4334 crtum

313 4353 400 4412 ulrici
419 4353 540 4420 αἰγιόχοιο
558 4353 617 4413 Διὸς
634 4355 676 4405 καὶ
695 4351 784 4406 πότνια
804 4355 891 4410 Μαῖα.
