3092 5134
753 525 975 591 ..66-

277 719 315 788 in
339 716 465 790 Iliade:
492 725 519 783 0
547 717 625 798 113,
635 716 663 802 ²)
688 727 723 788 at
746 718 840 786 26¹0¹⁵
863 718 899 786 in
923 714 1103 803 Odyssea:
1127 716 1245 797 0373,
1264 717 1345 796 394,
1368 716 1458 795 464,

260 826 360 908 481,
386 826 467 904 538,
493 826 581 910 548;
611 851 624 888 ι
649 825 737 903 522;
770 851 790 889 κ
813 824 895 904 261,
920 824 1001 903 270,
1027 824 1109 904 336,
1142 824 1224 904 382,
1255 825 1337 903 406,
1368 823 1458 902 422,

275 932 367 1122 ῗῗὶ
377 932 579 1107 1496,555616;
604 931 698 1010 179,
726 931 805 1010 138,
833 930 911 1011 163,
936 931 1018 1011 204,
1041 930 1125 1011 433,
1148 931 1232 1012 462,
1255 930 1338 1010 477,
1364 931 1458 1009 504;

369 1181 480 1250 Etiam
504 1191 584 1269 post
611 1178 693 1250 alias
725 1178 853 1249 formas
884 1181 921 1249 in
952 1178 1060 1249 concl.
1086 1181 1132 1265 (e.
1155 1205 1188 1268 g.
1213 1190 1295 1267 post
1323 1176 1367 1258 ὡς
1399 1176 1456 1266 ἄρ’

278 1285 350 1373 ἔφη,
366 1278 389 1374 η’
400 1291 442 1375 ῥα
460 1287 553 1372 sim.)
571 1297 604 1357 et
619 1285 793 1358 interdum
809 1285 875 1358 sub
889 1284 1133 1356 inductionum
1148 1287 1286 1356 initium
1300 1287 1457 1355 iuniores

279 1391 493 1464 Homeridae
518 1404 710 1482 posuerunt
734 1391 888 1482 adcdpfl)

368 1539 451 1606 Post
475 1538 671 1606 Homerum
694 1533 834 1606 admisit
849 1533 936 1605 hanc
953 1533 998 1605 de
1015 1560 1084 1623 qua
1101 1535 1234 1624 agimus
1251 1533 1456 1623 particulam

278 1668 369 1713 unus
399 1640 752 1732 Ap.Rh0d.1160,
785 1643 874 1722 443;
907 1642 1064 1711 111432.
1112 1643 1245 1722 Postea,
1283 1652 1456 1731 quantum

277 1747 434 1829 viderim,
458 1775 562 1819 nemo
587 1774 661 1819 eam
685 1747 855 1819 exhibuit.
897 1751 1022 1838 Usque
1046 1745 1091 1818 ad
1115 1746 1386 1836 Xenophontem
1410 1749 1455 1816 n'e

277 1857 314 1926 in
337 1881 440 1945 prosa
464 1854 607 1945 quidem
632 1857 787 1926 oratione
811 1880 886 1925 eam
910 1854 1036 1925 detexi.

678 2213 804 2334 cap.
839 2159 1072 2313 xxvii

302 2390 366 2458 De
389 2389 605 2478 genetivo
629 2386 845 2458 absoluto
869 2389 914 2461 in
937 2386 1334 2476 complexionibus
1357 2386 1433 2458 ads

788 2492 949 2564 hibito.

368 2657 554 2744 legitimus
586 2666 637 2726 est
671 2656 707 2724 in
741 2653 965 2725 conclusione
997 2656 1184 2725 Homerica
1219 2655 1457 2726 nominativus
1544 2652 1545 2665 ¹

278 2763 538 2851 participiorum
561 2763 675 2838 εἰπών,
700 2763 867 2848 φωνήσας,
893 2764 1049 2846 φάμενος,
1076 2760 1245 2850 ἀγορεύων
1269 2763 1344 2832 sim.
1386 2761 1457 2832 Sed

278 2870 346 2938 iam
377 2893 480 2957 supra
503 2866 655 2939 vidimus
687 2894 729 2938 ne
761 2879 891 2938 ceteros
924 2866 1068 2958 quidem
1099 2893 1197 2939 casus
1221 2867 1350 2939 deesse.
1398 2869 1456 2938 Sic

278 2976 380 3045 etiarn
403 2976 583 3064 genetivus
606 2976 780 3045 invenitur
802 2974 856 3045 his
880 2974 966 3045 locis
988 2974 1201 3048 recentibus:

281 3107 312 3163 Τ
334 3100 462 3186 74175ε
487 3097 530 3178 nic
555 3097 671 3184 ἔφαθ’,
697 3104 731 3164 οἳ
750 3101 782 3165 δ’
806 3098 975 3188 ἐχάρησαν
998 3099 1190 3187 ἐυκνήμιδες
1215 3098 1344 3184 Ἀχαιοί

484 3210 614 3293 μῆνιν
639 3205 914 3285 ἀπειπόντος
936 3209 1136 3291 μεγαθύμου
1159 3209 1357 3294 Πηλεΐωνος,

279 3329 341 3401 ubi
376 3329 478 3401 altera
513 3332 699 3401 sententiae
734 3356 813 3420 pars
848 3332 900 3417 (T
928 3332 991 3417 75)
1023 3342 1155 3419 praeter
1184 3330 1292 3402 multa
1322 3330 1388 3401 alia
1418 3369 1457 3380 -

278 3436 322 3507 de
347 3436 477 3526 quibus
501 3436 543 3507 cf.
561 3462 618 3526 pg.
640 3438 706 3508 103
724 3476 757 3487 -
774 3439 876 3508 etiam
893 3449 1073 3526 propterea
1088 3437 1252 3508 notabilis
1269 3448 1329 3518 est,
1354 3437 1457 3528 quod

278 3545 421 3632 ponitur
435 3545 615 3634 genetivus
628 3542 809 3615 absolutus
823 3542 1041 3624 οἷπειπόντος,
1058 3546 1120 3634 qui
1133 3570 1152 3614 a
1164 3543 1272 3616 verbo
1285 3544 1458 3634 ἐχάρησαν
1542 3534 1543 3585 ³

278 3674 350 3718 non
381 3648 532 3738 pendere
568 3661 693 3739 potest,
729 3675 854 3739 nempe
888 3662 1017 3738 χαίρειν
1052 3662 1111 3720 aut
1145 3677 1225 3721 cum
1259 3652 1457 3721 accusativo

370 3899 397 3970 l)
416 3898 489 3957 Rob.
503 3919 548 3972 pg.
562 3901 614 3956 457
627 3908 758 3957 numerat
770 3900 793 3952 0
806 3901 935 3957 110-142
949 3905 1023 3959 inter
1034 3904 1248 3965 vetustissimos,
1262 3898 1292 3971 id
1305 3899 1387 3972 quod
1400 3920 1457 3972 ego
1541 3892 1542 3937 l

278 3993 394 4046 minime
414 3987 535 4060 probare
554 4008 680 4062 possum,
700 3994 863 4061 praesertim
881 4009 946 4047 cum
965 3989 1020 4047 alia
1038 3994 1201 4061 gravamina
1220 3987 1293 4046 infra
1312 4009 1457 4047 accessura

277 4083 341 4135 sint.
381 4079 516 4134 Ceterum
536 4079 558 4130 0
580 4080 709 4136 110-142
728 4083 759 4135 in
779 4084 971 4150 suspicionem
990 4087 1130 4137 vocantur
1149 4099 1165 4135 a
1183 4080 1230 4135 W.
1245 4077 1404 4136 Ribbeckio
1423 4083 1457 4136 in

278 4164 350 4224 Phil.
370 4175 439 4223 tom.
459 4167 530 4223 Vlll
551 4187 596 4238 pg.
615 4170 677 4224 499,

367 4273 397 4344 2)
417 4275 483 4330 Huc
503 4279 625 4345 pertinet
644 4279 728 4332 etiarn
747 4294 801 4333 rec.
821 4271 959 4332 formula:
979 4274 1059 4347 αὐωὶρ
1078 4279 1128 4328 ἐπεὶ
1145 4276 1172 4329 τό
1208 4275 1290 4328 'alnov
1317 4316 1323 4336 ‚

277 4361 311 4419 cl.
336 4364 423 4419 v318
442 4381 488 4433 pg
511 4364 569 4419 107.
