3092 5134
773 996 932 1092 Vita.

324 1269 326 1272 '
357 1258 451 1313 Natus
475 1271 538 1313 sum
562 1256 742 1327 Johannes
761 1258 887 1327 Berger
912 1260 943 1312 in
972 1261 1036 1313 vico
1064 1254 1205 1313 Rhenano
1224 1254 1442 1327 Wickrathberg

267 1346 314 1404 die
327 1348 369 1403 20.
383 1350 488 1403 mensis
499 1345 570 1417 Julii
583 1350 652 1402 anni
665 1346 957 1402 MDCCCLXXXIV
970 1353 1047 1417 patre
1062 1344 1209 1402 Guilelmo
1223 1344 1286 1403 ludi
1299 1350 1441 1416 magistro,

266 1438 353 1493 Anna
373 1443 460 1493 matre
479 1456 494 1492 e
513 1443 597 1506 gente
610 1433 800 1501 Bruckschem
821 1440 871 1505 qui
892 1433 973 1505 quod
992 1433 1087 1491 adhuc
1103 1438 1207 1491 vivunt
1225 1433 1354 1505 gaudem
1374 1433 1442 1493 fidei

266 1523 397 1581 addictus
427 1543 490 1581 sum
522 1523 708 1595 evangelicae.
759 1526 808 1580 Me
840 1543 931 1595 puero
968 1522 1093 1580 duorum
1131 1540 1273 1579 annorum
1312 1532 1442 1594 parentes
1520 1512 1521 1515 Ἴ

265 1613 430 1671 Assindiam
450 1612 486 1670 ad
506 1615 611 1669 Rurarn
630 1618 830 1683 migraverunt.
870 1612 1022 1670 Elementis
1041 1611 1196 1669 litterarum
1216 1618 1339 1684 primum
1361 1612 1442 1670 domi

266 1722 282 1758 a
310 1712 403 1774 patre,
434 1701 540 1759 deinde
569 1721 619 1772 per
646 1710 701 1757 tres
729 1720 822 1757 annos
853 1706 883 1757 in
915 1700 987 1759 ludo
1015 1700 1197 1758 Assindiensi
1226 1700 1368 1767 imbutuS,
1400 1708 1442 1759 ina
1520 1724 1521 1727 ¹

266 1799 352 1849 eunte
378 1811 457 1848 anno
479 1792 547 1847 1894
571 1795 602 1846 in
627 1794 807 1861 gymnasium
828 1776 1034 1855 ¹lhssindiense,
1061 1789 1141 1860 quod
1168 1789 1335 1847 Reinholdo
1360 1793 1441 1847 Biese
1520 1782 1521 1811 ³

266 1880 404 1938 directore
430 1878 525 1937 adhuc
551 1877 642 1944 lloret,
662 1888 791 1949 receptus
810 1898 880 1936 sum.
918 1880 993 1935 Vere
1013 1884 1082 1935 anni
1104 1882 1171 1936 1903
1191 1899 1255 1937 cum
1274 1885 1441 1937 testimonio

266 1974 433 2026 maturitatis
462 1967 594 2025 dimissus
619 1970 806 2039 Marpurgum
835 1988 879 2025 me
907 1967 1032 2033 contuli,
1061 1977 1093 2025 ut
1122 1967 1299 2039 philologiae
1325 1988 1442 2041 operam

267 2068 294 2115 et
319 2057 446 2116 studium
472 2057 576 2115 darem.
618 2056 679 2115 Ubi
698 2066 852 2129 postquam
865 2077 928 2129 per
951 2066 993 2114 ter
1015 2078 1064 2113 sex
1083 2077 1193 2114 menses
1219 2066 1345 2115 moratus
1369 2077 1442 2124 sum,

270 2146 443 2204 Berolinunr
457 2151 585 2217 signin,
609 2144 687 2202 unde
711 2154 852 2203 autumno
876 2151 945 2205 anni
968 2148 1034 2203 1905
1053 2147 1240 2217 Marpurgum
1260 2145 1339 2203 redii.
1378 2150 1444 2204 Proa

262 2241 408 2293 minerii
433 2233 684 2305 exercitationibus
709 2222 856 2305 philologi
879 2244 913 2293 nt
936 2240 1111 2300 interessem,
1134 2234 1259 2305 benigne
1285 2235 1355 2292 mihi
1374 2256 1442 2294 cona

266 2333 410 2382 cesserunt
422 2316 867 2395 prolessoresllirt,i('a'lblleisch,
876 2322 990 2390 Thiele;
1005 2323 1203 2381 Berolinenses
1214 2327 1243 2379 U
1247 2322 1297 2381 .de
1303 2324 1441 2381 eramoa
1520 2342 1521 2359 ³

268 2411 556 2471 witrah'loellendorff
572 2421 602 2469 et
620 2411 709 2469 Diels.
747 2416 895 2483 Marpurgi
919 2422 951 2469 ut
974 2417 1116 2470 seminarii
1139 2412 1246 2470 sodalis
1270 2435 1366 2480 essem,
1392 2436 1443 2487 per

269 2503 330 2560 duo
343 2508 485 2560 semesttia
497 2502 673 2573 benignitate
686 2500 791 2558 factum
810 2510 851 2558 est
864 2504 952 2566 Birtii,
972 2500 1173 2567 Kalblleischii,
1188 2506 1302 2560 Maassii
1322 2504 1442 2561 directos

266 2612 337 2657 rum,
357 2589 608 2649 exercitationibus
626 2596 684 2647 suis
703 2610 748 2647 me
767 2588 943 2649 admiserunt
962 2590 1102 2648 historicis
1122 2594 1217 2657 Niese,
1237 2594 1440 2666 Varrentrapp,
1520 2636 1521 2639 ,

267 2680 363 2746 Klebs,
377 2679 603 2750 archaeologicis
617 2680 644 2736 L.
661 2678 698 2736 de
711 2678 806 2750 Sybel,
826 2678 1024 2751 paedagogicis
1038 2682 1160 2751 Natorp.
1190 2684 1314 2739 Examen
1333 2687 1442 2754 rigoro:
1520 2690 1521 2697 ’

266 2790 328 2827 sum
347 2774 480 2841 superavi
499 2769 545 2826 die
563 2772 590 2825 4.
610 2773 714 2825 mensis
733 2766 828 2825 Martii
848 2774 918 2825 anni
940 2771 1014 2826 1908.
1054 2770 1154 2840 Usque
1174 2769 1210 2827 ad
1229 2769 1305 2827 diem
1325 2791 1440 2842 promor
1520 2774 1521 2779 ’

254 2864 353 2915 vtionis
378 2860 525 2930 Marpurgi
550 2868 677 2915 versatus
701 2878 773 2922 sum,
802 2868 834 2915 ut
862 2857 899 2915 ad
927 2878 1046 2915 examen
1072 2878 1125 2931 pro
1154 2858 1285 2917 facultate
1314 2859 1440 2918 docendi

265 2947 530 3005 sustinendumme
549 2967 753 3019 praepararem.
792 2980 795 2985 ·

355 3035 527 3094 Docuerunt
545 3045 640 3094 autem
659 3056 704 3093 me
723 3041 777 3093 viri
796 3035 952 3093 doctissimi
972 3035 1172 3109 Berolinepses
1192 3037 1280 3102 Diels,
1297 3025 1440 3111 ,Doering

266 3124 438 3191 Hirschfeld,
465 3123 575 3183 Kekule
594 3124 630 3182 de
649 3124 832 3190 Stradowitz‚
861 3128 894 3183 C.
914 3128 941 3182 F.
962 3124 1234 3205 lehmqpnaHaupt,
1262 3126 1311 3184 Ed.
1330 3130 1438 3198 Meyer,

264 3218 311 3272 W.
332 3214 468 3280 Schulze,
493 3214 624 3278 Vahlen,
652 3216 689 3271 U.
713 3213 750 3271 de
768 3204 1194 3281 Wilamowitzarroeliendorffi
1220 3218 1439 3287 Marpurgenses

266 3307 333 3369 Birt,
361 3303 474 3368 Cohen,
496 3303 590 3367 Elster‚
617 3302 736 3368 Fischer,
761 3305 844 3374 Justi,
870 3296 1052 3370 Kalblleisch,
1080 3308 1193 3376 Kayser,
1209 3304 1316 3372 .Klebs,
1336 3308 1438 3371 Maass,

266 3397 388 3465 Natorp,
408 3395 504 3457 Niese,
525 3390 684 3462 Sieveking
703 3392 740 3449 de
754 3392 848 3463 Sybel,
868 3392 976 3458 Thiele,
995 3392 1119 3459 Thumb,
1133 3396 1336 3467 Varrentrapp,
1349 3397 1437 3465 Vogt.

205 3488 208 3493 '
354 3482 471 3552 Quibus
489 3486 557 3538 viris
582 3480 752 3538 doctissimis
778 3481 914 3538 omnibus
925 3488 1038 3569 'gratias
1062 3502 1116 3553 ago
1135 3502 1303 3555 semperque
1321 3482 1438 3540 habebo

265 3576 412 3637 maximas:
432 3579 542 3643 praeter
560 3578 667 3627 ceteros
686 3578 781 3627 autem
800 3568 957 3627 Theodoro
977 3572 1044 3635 Birt,
1064 3575 1115 3641 qui
1134 3558 1190 3629 hoc
1209 3571 1246 3629 ad
1266 3558 1438 3644 opusculum

264 3658 479 3732 suscipiendum
504 3678 548 3716 me
570 3658 758 3717 stimulaverit
783 3678 878 3732 neque
904 3679 1033 3731 unquam
1060 3658 1286 3735 inperficiendo
1305 3681 1392 3734 opera
1412 3670 1439 3719 et

265 3747 387 3810 consilio
400 3744 471 3804 mihi
483 3746 614 3815 defuerit,
632 3752 821 3819 gratissimum
834 3753 961 3805 animum
975 3767 1019 3806 me
1032 3752 1209 3806 servaturum
1223 3768 1282 3807 esse
1295 3749 1437 3822 spondeo.
