3092 5134
772 449 1118 554 -10-'

299 679 372 752 ind.
389 713 401 743 ν
422 679 580 750 inductio
915 677 1019 750 Od.1
1041 676 1203 765 Odyssea

300 786 408 858 concl.
426 819 438 849 s
455 785 633 859 conclusio
915 785 983 875 legi
1006 810 1094 873 resp.
1111 817 1123 847 ν
1145 783 1218 873 legi
1236 782 1420 872 respondet

299 905 401 964 vens
414 893 666 963 vetustissimus
674 892 859 979 (UraIlias)
915 894 1002 981 sing.
1019 889 1100 962 dict.
1122 925 1134 953 ι
1156 889 1372 980 singulariter

299 1011 365 1070 vet.
386 1033 397 1062 ν
418 1010 517 1070 vetus
982 996 1115 1069 dictum

299 1133 363 1176 rec.
381 1139 393 1168 ι
414 1132 529 1176 recens
915 1131 1008 1194 susp.
1027 1139 1039 1167 ι
1060 1115 1240 1193 suspectus

290 1239 382 1284 recc.
401 1245 413 1275 s
433 1215 685 1283 recentissimus
914 1211 936 1282 l.
954 1247 966 1275 a
987 1211 1073 1283 liber

299 1321 421 1407 interp.
439 1352 451 1381 ν
471 1319 697 1408 interpolatus
721 1321 806 1406 (sio)
916 1318 1020 1391 codd.
1037 1352 1049 1380 s
1070 1317 1207 1390 codices

299 1428 369 1505 ion,
387 1459 399 1488 a
420 1428 554 1496 ionicus
915 1424 995 1495 libri
1014 1450 1093 1495 mss.
1108 1459 1120 1487 a
1137 1423 1217 1495 libri
1236 1450 1341 1496 manu
1361 1426 1477 1512 scripti

300 1531 341 1602 al.
359 1565 371 1594 ν
393 1532 474 1603 alias
499 1532 616 1619 (alibi)
916 1531 962 1602 lo.
980 1565 992 1595 ν
1014 1532 1112 1603 locus

299 1640 373 1709 sim.
392 1672 403 1700 ν
424 1638 544 1710 similis
917 1642 1056 1710 Hom*
1079 1639 1324 1724 Homer(ic)us

299 1771 349 1816 or.
366 1779 378 1808 ν
396 1747 506 1816 oratio
917 1744 1006 1817 Rob.
1024 1779 1036 1808 ν
1058 1744 1189 1816 Robert

300 1878 349 1923 or.
366 1850 429 1922 dir.
448 1886 460 1915 a
482 1856 592 1924 oratio
616 1853 744 1926 directa
917 1851 973 1923 Kf.
992 1885 1004 1915 s
1025 1850 1225 1923 Kirchhoff:
1261 1853 1353 1923 »Die
1379 1849 1476 1922 hom.

219 2011 220 2014 ,
299 1958 386 2030 anal.
404 1993 416 2022 a
437 1960 595 2050 analogia
779 2049 780 2053 Ἰ
984 1958 1177 2047 Odyssee«.
1225 1957 1333 2029 editio
1372 1957 1477 2029 altera

301 2065 369 2135 Ila
391 2065 469 2138 Ilias
983 2094 1012 2138 a.
1042 2067 1143 2136 1879.

390 2203 506 2272 Restat
529 2212 568 2271 ut
591 2200 762 2290 proferam
787 2203 928 2272 nomina
952 2226 1091 2281 eorum,
1127 2201 1190 2290 qui
1213 2202 1281 2270 iarn
1312 2211 1389 2270 ante
1420 2226 1477 2271 me

300 2305 344 2377 de
369 2305 490 2378 eadem
513 2334 548 2378 re
573 2310 791 2397 scripserunt.

391 2441 462 2512 Sub
498 2444 649 2532 margine
684 2444 752 2513 iam
788 2444 862 2532 (pg.
895 2444 935 2528 8)
976 2442 1243 2512 commemoravi
1283 2439 1478 2536 Robertum

302 2547 423 2630 Schau,
448 2551 510 2640 qui
535 2551 604 2638 egit
627 2547 671 2619 de
696 2548 918 2620 conclusione
943 2549 1108 2619 orationis
1133 2545 1279 2618 directae
1302 2544 1397 2635 apud
1415 2573 1478 2616 eos

301 2667 430 2744 poetas,
455 2658 517 2746 qui
540 2654 692 2736 heroico,
717 2667 750 2725 et
766 2654 861 2744 apud
882 2681 952 2736 eos,
978 2656 1040 2744 qui
1063 2652 1213 2725 iambico
1237 2665 1346 2724 metro
1372 2654 1478 2741 scrips

300 2773 426 2832 serunt.
469 2761 535 2833 Sed
560 2788 640 2833 cave
664 2788 707 2832 ne
725 2761 842 2833 credas
863 2788 942 2832 eum
958 2772 1068 2832 totam
1084 2762 1259 2831 materiam
1277 2759 1479 2831 contulisse.

301 2871 389 2939 Non
428 2895 537 2958 pauca
576 2894 656 2939 eurn
694 2867 868 2959 fugerunt,
909 2869 1053 2939 omnino
1092 2869 1151 2939 vix
1191 2866 1279 2938 ultra
1318 2866 1481 2938 locorum

301 2975 539 3046 collectionem
563 2978 737 3065 processit.
968 2971 970 2976 ¹

389 3103 500 3172 Etiam
531 3099 782 3172 Godofredum
815 3104 1066 3180 Hermannum,
1102 3101 1181 3169 »De
1216 3100 1343 3170 iteratis
1379 3098 1480 3186 apud

302 3210 519 3278 Homerum«
543 3209 611 3279 iarn
634 3233 737 3296 supra
761 3209 858 3296 pg.2
882 3208 993 3278 citavi.

390 3332 574 3403 Nonnulla
609 3331 653 3402 de
685 3330 948 3403 inductionibus
980 3329 1129 3401 breviter
1158 3332 1270 3420 tetigit
1301 3330 1482 3401 Aemilius

302 3441 502 3529 Buennings
526 3441 562 3509 in
585 3438 769 3527 opusculo,
794 3439 892 3508 cuius
915 3436 1022 3508 index
1046 3449 1110 3510 est:
1136 3436 1356 3527 »Quomodo
1373 3436 1483 3507 indua

301 3558 419 3616 cantur
446 3548 618 3616 orationes
650 3544 797 3616 directae
822 3546 859 3615 in
882 3546 1107 3635 antiquorum
1138 3547 1293 3615 oratione
1325 3543 1482 3626 soluta«,

301 3651 383 3724 diss.
407 3656 523 3741 Marp.
547 3654 628 3723 anni
657 3653 758 3722 1903.
1332 3653 1335 3662 '

391 3781 564 3849 Praeterea
587 3803 615 3846 a.
634 3777 725 3846 1906
741 3777 778 3846 in
794 3774 974 3864 publicum
991 3774 1122 3864 prodiit
1137 3774 1330 3846 dissertatio
1347 3779 1486 3864 Marp.,

300 3888 425 3975 inqua
450 3883 540 3955 Rud.
558 3883 688 3954 Rehme
713 3884 927 3954 ornatissime
951 3881 1143 3971 disputavit
1168 3881 1234 3952 »de
1259 3885 1487 3954 Graecorum

301 3993 456 4064 oratione
488 3990 666 4081 obliqua«.
713 3991 878 4079 Denique
909 3984 964 4059 me
996 3989 1130 4061 adiuvit
1160 3992 1197 4059 in
1224 3988 1487 4061 distribuendis

300 4097 479 4170 nonnullis
503 4096 658 4187 partibus
683 4095 801 4168 Iliadis
825 4095 1046 4185 opusculum,
1079 4095 1178 4186 quod
1203 4095 1351 4167 confecit
1375 4099 1488 4168 Fran,

301 4208 410 4278 ciscus
440 4205 695 4277 Weidemann:
731 4206 811 4274 »De
846 4205 894 4274 ita
924 4202 1072 4275 Achillis
1108 4204 1179 4274 sive
1210 4202 1255 4274 de
1285 4215 1489 4289 μενεαίνειν

301 4312 409 4385 verbo
433 4311 528 4401 apud
553 4314 782 4392 Homerum«,
807 4315 922 4399 Marp.
947 4336 1039 4381 anno
1068 4312 1169 4380 1889.
