3092 5134
759 498 981 566 -74..

285 694 359 765 Stili
393 696 536 765 recentis
574 705 635 774 est,
669 692 769 782 quod
804 691 940 771 dicitur,
976 689 1063 780 quid
1099 688 1225 771 fecerit,
1260 716 1333 760 non
1369 689 1458 780 quid

283 801 409 872 dixerit
433 799 600 886 Ulixes.¹)
647 808 678 865 Β
705 800 880 869 193-197
905 824 924 868 a
948 796 1055 868 schol.
1080 795 1158 867 cod.
1182 800 1273 867 Ven.
1298 805 1333 862 A
1356 808 1390 867 et
1414 795 1459 867 ab

283 909 389 979 Arist.
413 906 637 992 damnantur;
662 904 817 977 addendi
842 916 941 976 erunt
963 912 995 969 Β
1022 904 1209 974 198-207.

374 1016 456 1086 Sero
480 1015 582 1084 etiam
606 1024 720 1084 ortum
744 1024 795 1083 est
819 1012 1018 1101 episodium
1042 1009 1092 1081 de'
1109 1009 1311 1096 Thersite.²)
1360 1014 1458 1081 Recc.

284 1112 393 1194 concl.
417 1130 448 1186 Β
471 1121 623 1205 242ί43ε

351 1227 394 1306 δὶς
416 1218 504 1313 ’φάτο
527 1239 726 1294 νεικείων
749 1226 1047 1312 Ἀγαμέμνονα
1073 1236 1264 1309 ποιμένα
1288 1228 1381 1291 λαάν

353 1340 519 1423 Θερσίτης,

285 1468 354 1533 qua
377 1439 560 1511 manifesto
583 1441 812 1511 recentiorum
835 1451 1016 1510 auctorum
1039 1437 1195 1509 studium
1227 1437 1392 1529 explendi
1425 1450 1458 1508 et

284 1547 476 1621 exornandi
500 1546 690 1637 simplicem
713 1571 908 1617 sermonem
931 1557 1081 1617 veterem
1105 1544 1149 1616 ad
1174 1545 1296 1617 oculos
1314 1544 1457 1616 demons

285 1667 418 1727 stratur.
465 1658 585 1744 ltaque
617 1652 861 1724 additamentis
894 1679 984 1743 quae
1016 1651 1060 1723 ad
1096 1650 1138 1731 δίς
1170 1654 1257 1738 φάτο
1291 1650 1459 1723 accedunt

285 1762 414 1833 factum
445 1772 505 1842 est,
536 1772 575 1831 ut
604 1762 721 1850 ipsum
744 1758 911 1831 Thersitis
935 1785 1063 1830 nomen
1087 1786 1199 1849 usque
1230 1754 1275 1830 ad
1309 1760 1460 1849 proximi

284 1895 403 1940 versus
441 1869 579 1938 initium
614 1866 879 1957 propelleretur;
928 1865 1014 1936 anal.
1050 1892 1122 1935 non
1161 1867 1228 1937 nisi
1262 1867 1299 1936 in
1332 1867 1458 1936 recenti

285 1988 354 2047 arte
380 1976 486 2065 epica.

375 2080 452 2152 lnd.
476 2090 507 2146 Β
530 2081 600 2151 245
624 2106 727 2150 recc.:
863 2150 871 2163 ‚

413 2200 475 2253 καί
493 2214 552 2272 μιν
574 2186 712 2274 ὑπόδρα
738 2186 819 2252 licta
842 2187 982 2275 χαλεπῷ
1003 2185 1159 2274 ἠνίπαπε
1181 2188 1283 2273 μύθῳ

286 2294 520 2384 conglutinata
544 2320 586 2363 ex
609 2319 710 2363 versu
738 2291 817 2362 illo:

289 2493 292 2498 ῃ
390 2414 452 2466 καί
470 2426 528 2484 μιν
550 2398 688 2488 ν’πόδρα
713 2400 794 2465 ίδδν
819 2396 904 2465 ἔπεα
930 2401 1113 2489 πτερόεντα
1139 2400 1311 2488 προσηύδα

285 2520 318 2580 et
341 2535 382 2579 ex
406 2508 573 2577 sententia
604 2507 684 2577 satis
715 2532 807 2576 nova
837 2508 976 2595 χαλεπῷ
1006 2505 1160 2594 ἠνίπαπε
1190 2506 1302 2595 πίθῳ.
1350 2505 1453 2577 Anal.

285 2642 354 2687 una
377 2618 413 2686 in
436 2617 561 2685 recenti
585 2614 624 2685 Il.
648 2613 721 2685 ind.
745 2622 774 2679 P
799 2615 883 2687 141:

381 2721 504 2812 Ἕκτορ’
528 2722 665 2810 δπδδρα
690 2722 771 2789 ίδιδν
794 2723 933 2811 χαλεπῷ
955 2722 1109 2809 ἠνίπαπε
1131 2724 1243 2811 μύθῳ.

286 2833 342 2901 De
358 2828 466 2900 verbo
483 2828 630 2895 ἑνίπτειν
647 2828 817 2906 (ἐνίσσειν)
834 2855 853 2898 a
868 2830 1054 2899 recentiore
1071 2827 1213 2899 demum
1229 2840 1298 2900 arte
1321 2840 1457 2917 recepto

286 2935 328 3007 cf.
353 2961 426 3025 cap.
454 2939 552 3006 XVI.

375 3042 498 3114 Concl.
522 3052 553 3108 Β
576 3044 665 3114 265;
689 3040 732 3121 δς
758 3040 812 3131 ἄρ’
836 3040 896 3128 ἔφη
921 3068 997 3123 rec,
1022 3040 1063 3112 cf.
1089 3067 1162 3131 cap.
1186 3046 1229 3113 X.

375 3148 498 3221 Concl.
514 3158 547 3215 Β
561 3151 650 3221 278;
675 3148 718 3229 alig
742 3150 857 3233 φάσαν
880 3148 901 3236 ἠ
926 3151 1099 3235 πληθύς
1116 3150 1202 3238 sing.
1220 3148 1300 3220 dict.
1318 3160 1458 3238 propter

286 3256 446 3328 additum
469 3255 664 3327 subiectum
686 3254 708 3342 ἠ
733 3258 878 3343 πληθύς.
927 3258 1041 3340 φάσαν
1065 3254 1107 3325 al.
1132 3282 1204 3325 non
1228 3257 1294 3326 nisi
1326 3257 1363 3325 in
1386 3254 1457 3326 Od.

286 3394 298 3430 ι
331 3366 419 3443 50ος
454 3391 473 3429 κ
497 3365 562 3443 67;
597 3392 622 3447 μ
657 3364 742 3442 192;
779 3390 800 3447 φ
834 3363 914 3432 366.
969 3364 1026 3432 De
1061 3361 1220 3433 formulis
1255 3360 1298 3441 δς
1334 3365 1457 3447 φάσαν,

286 3470 428 3557 ἔφασαν,
463 3469 560 3555 ἔφαν,
596 3472 666 3555 φάν
701 3468 753 3540 cf:
768 3495 842 3559 cap.
866 3472 912 3540 V.
945 3507 978 3518 -
1011 3496 1067 3541 vv.
1101 3477 1132 3534 Β
1167 3470 1348 3540 265-277
1383 3494 1457 3539 sero

286 3578 428 3649 demum
451 3579 586 3648 insutos
609 3602 682 3647 esse
706 3574 886 3647 contendit
908 3578 977 3646 iam
1001 3575 1249 3646 Lachmannus.

343 3683 452 3769 ind.
476 3694 507 3750 B
532 3685 620 3757 322:
645 3691 944 3772 ...θεοπροπέων
968 3682 1128 3772 άγόρενεν
1152 3684 1238 3773 sing.
1260 3682 1359 3763 dict.;
1384 3684 1457 3752 sim.

286 3802 316 3858 A
326 3797 363 3865 6:
378 3792 604 3881 παραβλήδην
618 3788 819 3879 α’γορεδωνδ)
834 3801 867 3860 et
878 3788 951 3860 ind.
967 3794 995 3857 Θ
1012 3790 1090 3870 148,
1103 3816 1221 3860 versus
1233 3788 1335 3860 valde
1349 3814 1456 3878 susp.:

416 3897 540 3987 Ἕκτωρ
563 3899 627 3987 γάρ
651 3924 731 3965 ποτε
754 3898 851 3984 φήσει
874 3897 925 3964 ἐνὶ
951 3897 1094 3985 Τρώεσσ
1118 3894 1297 3984 α’γορεύων.

378 4079 405 4149 l)
424 4081 465 4136 Ex
483 4076 585 4135 eodem
604 4084 719 4133 auctore
737 4083 788 4131 aut
805 4073 842 4132 ab
861 4073 1033 4131 aemulatore
1053 4079 1108 4130 orti
1127 4083 1195 4131 sunt
1219 4081 1239 4126 Δ
1258 4076 1398 4140 230—250,
1424 4071 1458 4130 de

287 4166 393 4240 quibus
412 4165 446 4224 cf.
465 4163 538 4223 infra
557 4185 602 4237 pg.
622 4168 657 4221 78
675 4184 734 4235 seq.

375 4256 404 4327 2)
423 4258 468 4313 De
487 4260 569 4312 cuius
587 4259 698 4311 ionicae
717 4252 830 4310 dialecti
849 4250 961 4309 indiciis
980 4250 1014 4309 cf.
1035 4249 1109 4309 Rob.
1129 4271 1175 4323 pg.
1196 4254 1256 4309 218.

376 4346 404 4416 3)
424 4348 458 4402 ln
476 4349 614 4402 contione
633 4342 754 4400 deorum
773 4340 810 4399 ab
829 4340 1035 4412 interpolatore
1054 4345 1177 4407 intexta;
1197 4339 1270 4398 Rob.
1291 4360 1336 4413 pg.
1356 4342 1417 4397 209.
