3092 5134
553 491 776 559 ..11-

169 687 250 775 Legi
282 685 383 756 etiam
408 682 570 755 Nordeni
598 683 727 755 librum
757 685 849 753 »Die
873 682 988 754 antike
1013 686 1252 771 Kunstprosa«

78 804 111 862 et
144 791 289 863 Hirzelii
318 792 415 864 »Der
438 790 601 880 Dialog«.
650 795 777 861 Rerum
801 802 920 861 natura
944 788 1045 860 datur
1072 788 1158 859 mihi
1181 815 1254 860 non

77 901 197 989 ignota
222 900 385 969 mansisse
418 923 467 978 ea,
499 924 588 987 quae
620 899 684 967 viri
716 895 811 968 docti
839 895 921 967 inde
952 923 971 967 a
1003 899 1038 966 F.
1061 897 1107 967 A.
1123 895 1252 966 Wolfii

78 1004 334 1094 prolegomenis
370 1002 414 1074 de
447 1007 606 1074 Homero
641 1002 958 1093 promulgaverunt.
1014 1005 1184 1091 Imprimis
1217 1005 1253 1073 in

79 1110 197 1182 Iliadis
222 1109 346 1182 studiis
370 1112 462 1181 nitor
485 1109 655 1182 Guilelmi
679 1108 823 1182 Christii
847 1108 1011 1190 editione,
1036 1136 1143 1200 quam
1174 1108 1254 1180 fecit

78 1244 171 1289 anno
193 1220 294 1299 1891,
319 1229 352 1288 et
368 1217 487 1289 Caroli
504 1216 647 1288 Roberti
667 1216 768 1298 libro,
793 1219 849 1289 cui
871 1218 1060 1305 inscripsit:
1085 1215 1254 1288 »Studien

79 1352 140 1396 zur
164 1324 275 1406 ilias«,
299 1350 391 1396 anno
420 1326 507 1395 1901
535 1327 672 1406 emisso,
696 1351 738 1394 ex
763 1352 837 1415 quo
861 1350 915 1394 me
939 1350 1103 1414 magnum
1120 1323 1254 1394 lucrum

78 1435 208 1522 cepisse
240 1432 418 1513 confiteor,
449 1458 564 1522 neque
595 1458 671 1503 raro
701 1434 804 1503 statui
835 1457 890 1501 me
921 1431 1065 1503 Christii
1087 1430 1253 1532 ¹lucubrat

77 1538 234 1610 tionibus
247 1551 495 1629 repugnantem
512 1539 572 1610 illo
589 1541 665 1610 viro
681 1538 884 1610 doctissimo
901 1540 952 1609 uti
965 1564 1067 1627 posse
1084 1538 1252 1610 adiutore.

169 1650 209 1717 In
234 1645 395 1734 Odyssea
419 1672 547 1736 sequor
571 1645 761 1717 editionem
785 1644 1068 1716 Ludwichianam
1100 1657 1143 1726 et,
1176 1671 1254 1715 curn

78 1754 136 1825 illa
153 1753 238 1825 mihi
254 1779 355 1842 saepe
372 1779 445 1825 non
461 1753 505 1825 ad
522 1779 664 1825 manum
680 1765 778 1835 esset,
800 1751 1069 1825 Dindorfianam
1086 1755 1253 1843 quintam,

78 1887 185 1952 quarn
216 1863 347 1933 curavit
378 1863 420 1932 C.
444 1865 579 1932 Hentze
611 1887 703 1931 anno
740 1861 843 1941 1897,
876 1859 991 1931 evolvi
1013 1852 1124 1931 ‘etiam
1157 1859 1254 1931 Pauli

79 1971 194 2040 Cauer
205 1967 348 2039 librum:
362 1966 611 2059 Grundfragen
624 1966 685 2037 der
695 1966 945 2037 Homerkritik.
964 1968 1103 2056 Leipzig
1118 1969 1208 2037 1895
1213 1967 1253 2053 .¹)

78 2077 245 2165 Denique
269 2074 336 2145 sub
359 2074 464 2145 huius
488 2074 650 2164 opusculi
673 2073 743 2144 fere
767 2073 873 2144 finem
903 2072 1045 2144 tandem
1076 2075 1191 2162 accepi
1222 2085 1255 2143 et

78 2181 224 2253 libenter
242 2179 389 2253 adhibui
405 2183 447 2253 C.
462 2184 499 2251 E.
519 2179 698 2252 Schmidtii
715 2179 865 2251 indicem
881 2182 1039 2251 omnium
1055 2182 1254 2251 iteratorum

80 2291 359 2369 Homericorum,
375 2313 489 2379 ¹quem
513 2286 703 2377 publicavit
727 2289 950 2377 Goettingiae
974 2314 1003 2358 a.
1032 2290 1134 2358 1885.

169 2394 281 2486 Quod
305 2394 458 2485 denique
483 2393 527 2465 ad
551 2393 710 2465 ordinem
734 2397 892 2466 materiae
918 2420 1024 2485 quam
1052 2406 1254 2466 tractaturus

78 2529 156 2573 sum
180 2505 336 2592 pertinet,
360 2515 427 2574 tres
452 2514 562 2591 partes
587 2500 833 2572 discernendae
857 2513 966 2572 erunt.
1014 2503 1167 2572 Primum
1194 2527 1255 2590 per

6 2619 7 2628 ’
77 2613 217 2681 XXVII
254 2612 365 2698 capita
400 2611 588 2680 accuratius
623 2609 792 2698 explicare
828 2602 1002 2689 constitui,
1037 2635 1110 2699 quo
1145 2607 1254 2678 modo

6 2710 7 2729 ²
78 2717 275 2788 recentioris
292 2719 371 2787 artis
389 2743 472 2786 usus
488 2714 660 2806 loquendi
678 2718 714 2786 in
730 2714 937 2787 inducendis
955 2727 988 2785 et
1003 2713 1253 2786 concludendis

6 2840 8 2850 ’
79 2822 297 2894 orationibus
321 2822 459 2894 differat
482 2821 526 2894 ab
551 2825 738 2894 Homerica
762 2821 925 2903 dictione,
958 2820 1052 2892 unde
1085 2821 1255 2911 quasdam

6 2925 9 2957 1
79 2928 245 3000 formulas
270 2956 345 3000 sero
367 2928 509 3000 demum
525 2928 569 3000 ab
587 2927 791 3000 Homeridis
807 2940 958 3017 receptas
975 2955 1048 2999 esse
1064 2927 1254 3017 apparebit.

170 3035 210 3106 Id
235 3035 334 3127 quod
359 3063 401 3106 ex
425 3035 492 3106 illis
520 3035 784 3126 quaestionibus
816 3037 1064 3107 consectarium
1088 3046 1148 3116 est,
1177 3061 1254 3124 pros

6 3129 9 3191 1
79 3143 246 3215 mendum
270 3145 379 3215 estin
403 3142 506 3214 altera
522 3155 634 3231 parte;
659 3145 776 3233 itaque
794 3140 1024 3224 adscribendi,
1040 3141 1254 3222 aestimandi,

79 3249 277 3339 explicandi
301 3261 402 3320 erunt
425 3251 449 3320 ii
472 3275 601 3330 versus,
626 3276 716 3340 quos
740 3276 814 3320 non
836 3251 1008 3339 genuinos
1032 3275 1105 3320 esse
1135 3248 1254 3319 elucet.

169 3359 335 3447 Denique
360 3355 426 3426 sub
450 3356 556 3426 finem
581 3355 674 3427 illius
698 3359 818 3446 capitis
842 3354 1032 3428 adserenda
1055 3358 1117 3427 erit
1136 3355 1255 3427 tabula

6 3498 10 3523 ε
79 3489 200 3536 eorum
238 3489 411 3544 versuum,
451 3465 513 3553 qui
551 3476 692 3552 propter
729 3465 916 3554 genuinam
955 3474 988 3533 et
1022 3465 1255 3551 incorruptam

6 3628 10 3650 ,
78 3574 248 3643 rationem
287 3569 427 3642 dicendi
465 3572 715 3652 vetustissimae
763 3569 864 3642 Iliadi
910 3568 1135 3641 adiudicandi
1182 3596 1254 3639 esse
1326 3593 1328 3596 ’

6 3941 12 3981 1

6 4047 13 4089 5

78 3677 254 3751 videntur.

171 3894 197 3964 l)
217 3891 308 3964 Quod
336 3891 463 3951 eiusdem
491 3897 545 3950 viri
582 3891 660 3966 docti
689 3892 846 3951 editionem
875 3890 1021 3964 Odysseae
1057 3911 1120 3950 non
1151 3895 1255 3963 accepi,

78 4003 159 4055 aegre
179 3981 247 4040 fero.

563 4167 774 4174 ...ὴ--
