3092 5134
746 535 971 603 ...68-

363 732 561 818 Respiciens
586 756 635 810 ea,
660 756 749 819 quae
773 755 877 818 supra
901 729 1156 819 disputavimus
1181 727 1225 799 de
1253 755 1295 799 eo
1327 755 1457 818 genere

278 835 428 917 dicendi,
463 835 563 927 quod
594 835 755 908 abhorret
786 835 830 906 ab
862 838 1119 925 antiquissimae
1152 834 1270 907 Iliadis
1300 835 1458 906 dictione

275 942 334 1030 (cf.
359 969 416 1034 pg.
442 945 493 1029 9),
521 968 651 1024 vereor,
674 969 717 1013 ne
743 942 858 1014 credat
881 942 1006 1032 aliquis
1030 968 1085 1014 me
1109 941 1223 1013 iudice
1244 941 1324 1012 illos
1340 968 1458 1012 recena

274 1052 379 1121 tiores
411 1049 634 1131 Homeridas,
666 1051 728 1140 qui
759 1052 797 1120 in
815 1049 1045 1121 -orationibus
1077 1048 1284 1120 inducendis
1316 1060 1350 1119 et
1373 1075 1458 1119 cons

274 1156 456 1228 eludendis
480 1159 646 1228 maiorem
669 1146 862 1227 libertatem
886 1155 953 1226 sibi
984 1167 1254 1245 assumpserunt,
1286 1154 1455 1245 depravas

277 1265 367 1334 visse
391 1275 496 1334 artem
521 1266 662 1352 epicam.
709 1267 822 1333 Immo
846 1288 929 1333 vero
953 1274 1224 1351 repraesentatur
1247 1261 1314 1333 illis
1339 1264 1457 1351 poetis

276 1372 403 1441 Ionicis
427 1370 494 1441 llos
518 1372 591 1459 ipse
616 1372 695 1441 artis
719 1372 852 1459 epicae;
885 1369 1117 1442 liberaverunt
1148 1371 1240 1440 enim
1264 1368 1457 1440 dictionem

276 1503 295 1547 a
329 1476 476 1548 vinculis
510 1477 631 1567 rigidis
666 1476 929 1548 consuetudinis
966 1503 1111 1567 eamque
1146 1479 1381 1548 venustiorem
1422 1487 1458 1545 et

276 1586 483 1654 ornatiorem
506 1582 743 1654 reddiderunt
784 1583 825 1654 Id
846 1583 923 1654 luce
948 1583 1069 1654 clarius
1094 1583 1204 1655 elucet
1228 1610 1269 1654 ex
1285 1585 1338 1664 iis,
1363 1609 1456 1672 quae

277 1715 380 1779 supra
404 1689 487 1760 inde
510 1717 529 1761 a
553 1717 610 1780 pg.
632 1692 674 1760 12
699 1692 941 1779 exposuimus;
967 1689 1028 1761 sed
1046 1692 1213 1781 quoniam
1229 1691 1458 1761 inveniuntur
1537 1710 1538 1771 l

276 1799 364 1867 inter
376 1823 414 1867 ea
431 1799 533 1867 etiam
549 1797 728 1878 nonnulla
746 1823 835 1887 quae
852 1796 991 1868 infimae
1008 1796 1150 1868 demum
1166 1799 1268 1867 aetati
1284 1798 1456 1886 originem
1537 1820 1538 1853 1

276 1902 436 1984 debeant,
461 1931 531 1994 qua
554 1906 622 1974 iam
645 1904 870 1975 evanescebat
901 1931 953 1975 ars
981 1903 1142 1975 narrandi
1164 1902 1260 1993 apud
1286 1905 1454 1983 Graecos,
1537 1900 1538 2021 l

276 2010 420 2081 fortasse
444 2037 517 2081 non
540 2010 661 2081 inutile
690 2023 741 2082 est
771 2011 908 2082 illarum
939 2010 1128 2082 formarum
1160 2022 1193 2081 et
1224 2009 1455 2080 formularum

276 2129 420 2189 aetatem
444 2120 633 2189 accuratius
654 2116 856 2199 discernere
887 2120 1018 2189 etiamsi
1036 2129 1164 2189 certum
1180 2115 1350 2188 iudicium
1366 2115 1455 2187 ferre

275 2250 450 2314 nusquam
472 2223 599 2295 licebit.
647 2226 705 2294 Ne
729 2224 856 2315 longus
881 2227 956 2304 sim,
980 2252 1022 2296 ex
1047 2224 1197 2296 collectis
1222 2227 1257 2294 in
1281 2223 1455 2314 capitibus
1537 2230 1538 2239 ’

277 2334 467 2401 l-XXVll
493 2330 584 2420 eligo
617 2357 666 2412 ea,
699 2357 788 2420 quae
819 2330 939 2401 infima
970 2330 1112 2402 demum
1143 2343 1251 2402 aetate
1282 2334 1319 2400 in
1350 2356 1456 2400 usum

275 2450 453 2519 venerunt,
488 2464 530 2508 ex
565 2464 638 2528 quo
674 2440 922 2508 consectarium
953 2449 1004 2508 est
1039 2465 1077 2509 ea
1110 2465 1199 2528 quae
1231 2450 1357 2509 restant
1389 2441 1454 2508 arti

157 2564 159 2568 ’
276 2547 390 2615 minus
413 2547 539 2616 recenti
562 2543 782 2615 attribuenda
806 2571 889 2616 esse.

368 2795 403 2879 1)
429 2796 551 2864 Forma
574 2799 621 2881 φῆ
643 2795 680 2864 in
704 2793 813 2864 concl.
837 2796 951 2883 posita
975 2797 1066 2884 (cap.
1083 2797 1169 2882 Xl);

365 2901 404 2985 2)
429 2898 561 2989 phrasis
589 2898 692 2966 Οὔπω
718 2907 791 2968 πᾶν
814 2905 921 2988 εἴρητο
946 2900 1035 2980 ἔπος,
1061 2903 1140 2968 ἐπεί
1153 2956 1159 2968 .
1179 2956 1210 2968 ..

278 3006 1121 3098 (r540n11,351.)cf.cap.1pg.15;

368 3114 406 3199 3)
432 3139 552 3184 omnes
598 3113 858 3195 conclusioneS,
901 3141 991 3204 quae
1030 3117 1237 3204 pronomine
1283 3121 1458 3185 summant

225 3277 229 3284 .
278 3195 470 3291 orationem
494 3219 754 3309 praecedentem
779 3223 870 3310 (cap
888 3223 950 3308 ll),
975 3222 1045 3292 scil
1070 3234 1202 3311 praeter
1225 3221 1410 3292 formulam

438 3325 481 3405 dic
505 3331 541 3392 οὶ
558 3334 620 3413 μὲν
643 3334 785 3394 τοιαῦτα
811 3328 895 3414 πρός
920 3327 1137 3416 αλλήλους’
1113 3331 1283 3415 αγόρευον.

364 2671 576 2740 Novissimis
600 2671 713 2758 poetis
737 2668 901 2742 debetur:

364 3435 405 3520 4)
430 3460 488 3504 eae
520 3433 760 3504 conclusiones
803 3433 934 3523 quibus
965 3437 1178 3524 exprimitur,
1219 3434 1306 3525 quid
1340 3434 1458 3505 fecerit

277 3540 418 3631 aliquis,
454 3552 488 3611 at
521 3567 612 3621 non,
648 3540 736 3631 quid
772 3540 898 3612 dixerit
933 3542 1058 3632 aliquis
1094 3545 1140 3629 (e.
1164 3569 1197 3632 g.
1224 3550 1252 3608 Ω
1282 3543 1456 3637 l4lll423

278 3642 440 3725 &3255
480 3646 753 3738 cf.pg.3r);1)

263 3789 265 3795 s
372 3756 410 3841 5)
435 3757 459 3824 ii
482 3753 561 3836 loci,
586 3754 648 3825 ubi
671 3781 766 3825 mero
791 3754 900 3827 verbo
916 3754 1132 3826 monstrandi
1149 3755 1326 3826 inducitur
1345 3758 1457 3827 oratio
1533 3748 1534 3769 ¹

279 3863 353 3950 (98·
380 3862 461 3947 38);

362 3971 406 4072 16)
431 3967 577 4040 verbum
600 3971 708 4053 λέγειν
737 3973 828 4060 (cap.
852 3973 972 4057 ΧΙΧ);

368 4076 406 4161 7)
431 4074 577 4146 verbum
601 4079 823 4163 stipationem

353 4288 380 4357 1)
398 4290 439 4344 At
457 4297 552 4346 tamen
572 4294 628 4346 iam
648 4292 762 4348 Ionicos
782 4299 882 4362 poetas
900 4290 1045 4349 interdum
1064 4290 1207 4348 eiusmodi
1226 4290 1382 4348 dictionem
1401 4291 1456 4348 sibi

276 4382 433 4449 permisisse
453 4397 516 4435 non
534 4384 707 4449 negaverim.
