3092 5134
390 1347 533 1438 Quibus
558 1346 725 1418 absolutis
749 1345 836 1417 nihil
853 1345 978 1428 obstat,
1003 1348 1191 1436 quominus
1215 1344 1262 1441 ad
1276 1331 1347 1416 rem
1363 1347 1480 1434 ipsam

301 1453 512 1526 accedamus.
565 1456 686 1544 Atque
717 1455 868 1543 primum
899 1452 1043 1543 quidem
1074 1451 1159 1523 mihi
1188 1452 1363 1524 enucleare
1395 1478 1481 1541 ρτοβ

301 1588 405 1651 posui
428 1588 464 1634 m

785 1760 911 1881 Cap.
949 1762 984 1857 Ι.

302 1916 541 2007 Quomodo
565 1915 867 1987 exhibeantur
889 1914 942 1986 ab
969 1918 1165 1986 Homero
1189 1927 1231 1986 et
1250 1918 1478 2005 recentioa
1525 1916 1527 1947 ⁵

300 2023 425 2096 ribus
461 2051 506 2094 ea
542 2050 657 2114 quae
693 2049 777 2094 una
816 2048 909 2092 cum
947 2024 1155 2093 oratione
1190 2021 1402 2094 accidunt
1433 2036 1479 2094 et

512 2157 558 2201 ea
582 2157 693 2221 quae
716 2131 760 2201 in
783 2141 984 2218 tempore
1008 2128 1267 2201 succedunt.

392 2277 488 2344 Haec
512 2273 614 2344 altera
637 2275 796 2364 quaestio
820 2272 1008 2361 simplicior
1032 2284 1098 2353 est3
1131 2299 1210 2342 nam
1233 2271 1282 2354 id,
1313 2271 1413 2363 quod
1436 2274 1477 2343 in

300 2393 455 2470 tempore
485 2380 724 2471 subsequitur,
756 2380 860 2470 longe
890 2379 1048 2469 plurimis
1078 2379 1164 2450 locis
1190 2381 1227 2450 in
1250 2378 1476 2451 conclusione

301 2487 448 2577 simplici
476 2487 640 2576 particula
664 2489 706 2554 δέ
725 2486 871 2559 adicitur
894 2489 987 2578 -in
1010 2488 1192 2577 negatione
1225 2484 1264 2552 ul
1295 2488 1343 2563 δέ,
1375 2485 1476 2567 odda,-

301 2593 390 2665 duae
421 2593 703 2684 interpolationes
736 2595 942 2664 Homericae
973 2605 1007 2664 et
1035 2591 1342 2664 PseudoaHesiodi
1369 2595 1475 2664 »scus

174 2702 176 2706 ’
300 2713 397 2772 tum«
421 2703 528 2788 (450)
552 2700 682 2772 habent
705 2699 797 2767 ἄλλά
820 2740 864 2771 -.

390 2811 478 2879 Non
512 2820 582 2879 tam
617 2805 779 2898 frequens
815 2819 849 2878 et
882 2805 1065 2878 manifesto
1099 2808 1267 2878 recentior
1301 2818 1352 2876 est
1389 2833 1475 2876 usus
1525 2802 1527 2805 ’

301 2914 485 3004 particulae
510 2913 631 3004 αὐτάρ.
1181 2914 1184 2920 ’

390 3023 555 3093 Ceterum
567 3023 603 3092 in
615 3021 789 3093 veteribus
803 3020 920 3093 Iliadis
933 3020 1142 3093 carminibus
1157 3046 1234 3092 raro
1250 3022 1476 3092 inveniuntur

301 3128 474 3210 adverbia,
500 3127 629 3219 quibus
654 3131 873 3218 exprimatur,
898 3155 987 3219 quae
1003 3131 1167 3217 temporis
1184 3129 1270 3199 ratio
1286 3126 1475 3199 intercedat

301 3238 388 3306 inter
403 3237 595 3307 orationem
618 3247 652 3306 et
674 3235 722 3317 id,
747 3234 847 3326 quod
863 3234 1097 3326 subsequitur.
1134 3234 1313 3306 Interdum
1328 3246 1474 3315 tantum,

301 3345 330 3413 si
353 3344 432 3433 quis
456 3341 590 3433 aliquid
613 3341 722 3414 facere
745 3344 860 3414 iussus
892 3354 951 3423 est,
984 3340 1161 3413 adduntur
1191 3340 1354 3413 adverbia
1385 3343 1475 3412 sicut

301 3448 424 3516 αὐτίκα
459 3451 533 3520 sim.
582 3448 649 3520 Sed
684 3452 713 3520 si
748 3476 791 3520 ex
825 3448 1000 3520 veteribus
1035 3447 1153 3520 Iliadis
1189 3447 1396 3519 carminibus
1428 3447 1474 3518 ad

300 3558 487 3628 recentiora
506 3555 677 3638 transibis,
701 3555 799 3628 facile
816 3554 1029 3636 observabis,
1053 3567 1267 3645 quantopere
1283 3566 1474 3646 augeantur

301 3661 464 3734 adverbia
486 3662 566 3735 talia
590 3675 629 3733 ut
651 3655 732 3742 ὦκα,
764 3665 859 3749 μάλα
883 3668 1064 3753 κραιπνῶς,
1089 3664 1180 3740 ἰθύς,
1208 3661 1318 3729 αὐτίκ’
1342 3661 1471 3738 ἔπειτα,

302 3768 405 3861 ἄφαρ,
442 3771 546 3859 αἶψα,
582 3772 810 3862 καρπαλίμως.
858 3768 1050 3841 Manifesto
1085 3767 1152 3840 hoc
1188 3795 1297 3860 genus
1333 3766 1474 3840 dicendi

301 3888 481 3966 poetarum
504 3878 732 3948 recentiorum
756 3878 936 3966 proprium
963 3875 1070 3947 fuisse
1102 3877 1202 3964 copia
1234 3875 1473 3965 exemplorum

301 3983 527 4055 demonstrari
551 3996 674 4074 potest.
783 3971 785 3977 ¹

390 4093 453 4180 Egi
477 4089 590 4163 adhuc
614 4089 658 4162 de
682 4093 723 4162 iis
747 4090 843 4172 locis,
868 4090 930 4162 ubi
953 4091 1093 4179 propria
1116 4088 1265 4160 formula
1292 4088 1335 4167 ὥς
1365 4090 1471 4155 εἰπών

301 4199 376 4270 sim.
401 4200 565 4270 orationis
589 4199 668 4269 finis
692 4210 842 4269 notatur.
883 4197 950 4269 Sed
974 4222 1047 4268 non
1062 4223 1138 4268 raro
1155 4195 1334 4267 inferiores
1350 4207 1471 4285 poetae

302 4307 437 4377 omissis
450 4304 623 4377 eiusmodi
636 4304 795 4376 formulis
807 4304 906 4376 nudo
916 4303 1083 4376 adverbio
1091 4302 1273 4393 temporali
1281 4305 1472 4376 orationem
