3092 5134
604 497 826 565 ...47-

131 691 475 783 comprehendendas
488 692 682 774 adhibetur,
695 704 730 763 at
742 718 811 763 una
822 700 957 764 tantum
969 685 1166 763 eius'forma
1179 689 1222 769 σῖς
1236 689 1303 779 ἄρα

131 803 288 889 φωνήσας
301 802 497 888 (φωνήσασζ
510 802 785 888 φωνήσαντε(ς)),
800 825 906 890 quam
917 799 986 889 legi
999 800 1091 870 35³ens
1103 801 1140 868 in
1148 798 1199 879 ll„
1209 799 1306 869 Ι27ίειις

130 911 170 978 in
193 905 266 979 Od.
307 906 518 978 Indicativus
535 905 579 985 dic
596 904 651 996 ἄρ’
666 907 834 993 ἐφώνησεν
857 904 1040 977 manifesto
1064 931 1140 976 sero
1164 904 1306 976 demum

130 1018 169 1086 in
204 1041 306 1086 usum
339 1016 452 1095 venit,
486 1040 566 1085 nam
600 1015 773 1085 invenitur
809 1039 909 1102 saepe
943 1015 982 1084 in
1005 1012 1167 1102 Odyssea
1202 1015 1249 1099 (e.
1273 1039 1305 1102 g.

130 1123 268 1201 A277;
292 1149 311 1188 κ
335 1123 423 1201 229;
459 1122 565 1209 ρ57;
601 1148 620 1187 τ
644 1123 708 1200 29;
745 1149 766 1206 φ
796 1121 875 1201 163,
906 1121 995 1200 386;
1030 1122 1175 1207 1398),
1206 1131 1240 1191 at
1269 1122 1307 1189 in

132 1227 241 1299 Iliade
276 1227 419 1299 duobus
453 1240 587 1299 tantum
621 1227 706 1298 locis
741 1235 772 1292 K
794 1229 865 1298 465
898 1239 931 1298 et
964 1236 996 1293 Τ
1016 1228 1105 1309 276,
1141 1229 1203 1317 qui
1237 1239 1307 1298 tam

132 1347 284 1407 recentes
308 1347 399 1418 sunt,
435 1347 473 1406 ut
508 1335 651 1406 fortasse
686 1360 758 1404 non
782 1334 929 1424 longea
964 1360 1046 1406 vero
1081 1333 1307 1405 aberraverim
1396 1368 1401 1394 ι

132 1454 284 1513 statuens
316 1468 376 1513 eos
400 1469 442 1512 ex
467 1440 629 1529 Odyssea
652 1440 857 1531 desumptos
886 1468 977 1523 esse,
1008 1443 1205 1530 praesertim
1229 1466 1307 1512 cum

134 1557 167 1614 Τ
187 1550 342 1620 276-77
366 1583 379 1614 s
401 1555 426 1630 β
449 1551 604 1620 257-58
629 1551 682 1620 sit.

224 1659 307 1727 Post
327 1659 523 1727 Homerum
547 1681 678 1737 omnes,
702 1658 805 1727 etiam
820 1657 891 1745 Ap.
909 1653 1081 1736 Rhodius,
1106 1658 1178 1744 Qu.
1196 1657 1307 1742 Smyra

132 1789 251 1845 naeus,
268 1766 423 1834 Nonnus
438 1763 585 1835 verbum
600 1780 723 1850 φωνεῖν
743 1775 889 1852 postor.
906 1761 970 1833 dir.
987 1763 1089 1852 plane
1104 1776 1308 1853 respuerunt

86 1889 95 1906 ⁸
133 1882 279 1960 excepto
302 1873 464 1951 Musae0,
488 1869 583 1960 apud
608 1895 713 1960 quem
736 1870 804 1960 legi
828 1898 860 1941 v.
878 1872 942 1940 84:

292 1994 367 2044 τοῖα
390 1985 452 2064 μὲν
474 1976 606 2067 ἠιθέων
629 2004 678 2056 τις
701 1978 847 2064 ἑφῶνεεν

133 2096 168 2155 et
190 2083 285 2174 apud
309 2082 518 2155 Colluthum
543 2086 629 2155 376:

292 2209 367 2262 culo
392 2193 431 2258 δὲ
454 2193 640 2280 φωνήσασα
665 2203 870 2281 προσέννεπε
896 2192 1116 2280 Τυνδαρεώνη

133 2296 234 2369 Alibi
256 2296 402 2370 verbum
426 2315 549 2384 φωνεῖν
573 2301 609 2369 in
633 2298 741 2369 concl.
766 2324 839 2368 non
863 2310 1047 2388 comparet.

583 2604 709 2726 Cap.
743 2605 862 2704 XV.

519 2782 583 2849 De
606 2778 744 2850 verbo
768 2785 922 2846 εἰπεῖν.

225 2945 297 3011 lam
320 2966 423 3029 supra
447 2943 483 3010 in
507 2966 579 3030 cap.
605 2944 637 3011 11
669 2938 754 3011 mihi
777 2942 966 3031 inquirenti
996 2943 1033 3012 in
1061 2943 1308 3030 pronominum

134 3059 169 3118 et
192 3045 436 3119 adverbiorum
460 3074 562 3118 usum
591 3059 766 3137 suspectae
790 3045 999 3120 videbantur
1028 3047 1106 3119 illae
1129 3047 1308 3131 formulae,

134 3153 265 3246 quibus
315 3153 527 3226 inducuntur
577 3166 610 3225 et
660 3157 885 3226 terminantur
933 3157 1105 3241 orationes
1149 3155 1307 3227 »fictae«

133 3260 177 3333 cf.
212 3253 277 3328 ὦδε
312 3263 353 3328 δέ
383 3289 432 3340 τις
468 3266 598 3328 εἴπεσκε
629 3272 662 3333 et
697 3261 741 3340 σῖς
772 3260 840 3351 ἄρα
871 3289 921 3340 τις
952 3267 1111 3330 εἴπεσκεν.
1168 3262 1223 3334 Ibi
1253 3289 1308 3336 me

134 3367 338 3440 offendebat
360 3371 434 3458 ipsa
451 3367 547 3439 verbi
564 3368 674 3440 forma
691 3370 855 3450 iterativa,
880 3367 973 3439 unde
990 3368 1034 3440 ad
1051 3367 1309 3442 observandum

133 3474 231 3547 verbi
254 3481 361 3542 εἰπεῖν
386 3501 488 3546 usum
512 3478 672 3565 processi.
720 3480 842 3566 ltaque
865 3487 980 3548 teneas
1003 3476 1088 3548 hoc:

174 3613 177 3618 ·
224 3585 396 3672 Frequens
420 3594 471 3653 est
493 3609 564 3654 vox
587 3589 695 3650 εἰπεῖν
726 3585 762 3652 in
785 3585 827 3653 iis
856 3585 1050 3665 sententiis,
1081 3583 1211 3673 quibus
1235 3609 1308 3655 oras

133 3691 239 3760 tionis
263 3688 446 3760 exordium
470 3688 663 3771 exhibetur,
691 3701 724 3761 at
747 3692 784 3760 in
807 3689 1110 3779 complexionibus
1134 3702 1309 3778 receptum

133 3821 207 3866 non
230 3808 281 3870 est
303 3797 369 3866 nisi
401 3798 619 3885 participium
650 3796 693 3875 cte
716 3798 822 3863 εἰπών
846 3802 1003 3874 (ποῦσα,
1036 3799 1170 3875 -πόντε,
1202 3799 1308 3876 πάν),

134 3915 252 3974 contra
275 3904 349 3973 eius
372 3902 579 3975 indicativus
603 3929 676 3974 non
692 3905 866 3975 invenitur
889 3906 955 3974 nisi
970 3906 1007 3974 in
1023 3903 1189 3994 exemplis
1206 3928 1309 3992 supra

134 4012 253 4081 citatis.
310 4009 361 4081 At
398 4022 479 4100 post
514 4014 710 4082 Homerum
748 4013 856 4101 magis
895 4013 1074 4101 magisque
1112 4013 1186 4082 eius
1225 4038 1308 4082 usus

134 4128 254 4187 auctus
278 4128 311 4187 et
334 4116 428 4206 apud
454 4120 627 4188 Nonnum
651 4116 958 4207 frequentissimus¹
973 4117 1083 4189 factus
1107 4130 1166 4189 est.
1214 4122 1309 4190 Nam

136 4223 303 4295 Pindarus
335 4223 435 4314 fingit
464 4250 593 4296 novam
616 4223 802 4295 formulam
830 4223 874 4303 dc
898 4222 953 4315 ἄρ’
976 4226 1090 4293 ἔειπεν
1113 4225 1230 4314 (Pyth.
1256 4228 1308 4295 IV

140 4333 242 4417 156);
266 4330 404 4402 callim.
423 4332 476 4401 17
501 4333 680 4421 usurpavit
702 4330 839 4403 nudum
862 4330 1007 4403 verbum
1023 4334 1116 4400 εἶπεν
1140 4333 1176 4409 (o‘
1193 4344 1309 4415 παῖς),·
