3092 5134
677 459 954 537 '-88-·

348 666 425 738 Ind.
451 667 586 737 &4261
611 663 752 754 αύτεέρ
772 663 958 751 Ἀθηναίην
971 660 1054 752 Ἥρη
1080 663 1164 751 πρδς
1186 666 1301 746 μύδον
1324 659 1441 727 ἔειπεν

258 799 322 843 rec.
354 785 495 862 propter
526 771 727 861 particulam
759 769 870 859 αύτύρ
902 771 993 859 (cap.
1017 770 1167 855 XXVI).
1223 767 1322 838 Idem
1345 765 1441 838 valet

259 878 303 950 de
325 879 399 951 ind.
425 882 559 950 0446:
580 877 691 968 αύτσὲρ
716 876 736 943 δ
759 876 842 960 ἔγνω
866 867 941 971 ᾗσιν
964 876 1013 942 ἔνι
1038 889 1140 966 φρεσί,
1165 877 1314 962 φώνησέν
1336 901 1382 940 τε.

347 1003 425 1075 Ind.
444 1007 579 1075 &4962
602 1004 752 1089 μετηύδα
776 1028 853 1083 rec..
877 1000 919 1072 cf.
941 1026 1014 1090 cap.
1031 1003 1118 1086 X11;
1142 998 1303 1088 exemplo
1327 998 1439 1068 fuisse

258 1110 396 1182 videtur
418 1119 450 1176 B
469 1112 547 1181 109.

347 1234 471 1307 Concl.
497 1236 631 1305 &5422
663 1232 707 1312 ώς
731 1231 856 1322 Ἕκτωρ
887 1231 1073 1322 οἷγύρεσε
1103 1257 1198 1311 rece..
1222 1232 1309 1320 sing.
1334 1221 1437 1313 dict.;

258 1341 303 1412 de
334 1341 509 1432 α’μορεύειν
531 1340 640 1413 verbo
672 1340 715 1411 cf.
739 1365 813 1429 cap.
837 1343 971 1410 XVIII.
1026 1342 1107 1409 Hoc
1131 1337 1277 1409 verbum
1300 1336 1380 1407 libri
1406 1341 1437 1403 Θ

258 1461 378 1520 auctor
400 1449 549 1519 maxime
571 1446 819 1537 praedilectum
843 1445 976 1517 habuit.

832 1828 859 1886 1.

347 1949 428 2016 Hoc
437 1970 582 2026 carmen,
589 1945 689 2035 quasi
696 1943 1009 2025 monobiblos,iam
1019 1945 1132 2032 primo
1143 1942 1271 2013 obtutu
1284 1940 1437 2013 offendit

257 2064 398 2142 propter
421 2051 685 2142 amplitudinem
709 2052 918 2132 orationum,
949 2075 992 2121 ne
1016 2049 1129 2121 dicam
1153 2061 1294 2138 propter
1316 2074 1435 2138 garrua

256 2160 386 2231 litatem
423 2159 656 2249 loquentium,
696 2184 785 2248 quae
824 2159 942 2228 ceteris
978 2155 1095 2227 Iliadis
1134 2155 1290 2245 partibus
1324 2154 1435 2226 deest.

258 2270 366 2336 Porro
396 2267 481 2336 mira
505 2290 584 2335 cum
607 2263 823 2353 simplicitate
855 2275 888 2334 et
910 2264 1086 2334 ieiunitate
1110 2264 1291 2352 coniungit
1313 2273 1437 2333 auctor

257 2373 430 2443 orationes
453 2373 541 2442 inter
564 2397 599 2441 se
624 2382 657 2441 et
680 2397 759 2441 cum
782 2371 992 2455 narratione3
1016 2396 1096 2441 nam
1119 2381 1250 2458 praeter
1266 2366 1435 2439 formulas

213 2535 217 2540 »
257 2505 299 2549 ex
322 2479 383 2546 τδν
407 2480 495 2549 δέ..
519 2479 722 2567 incipientes
746 2477 899 2548 cumulat
914 2476 1099 2548 formulam
1122 2474 1166 2555 ώς
1182 2475 1287 2561 ἔφατ’.
1321 2474 1436 2546 Semel

256 2597 390 2657 tantum
413 2585 528 2657 locum
555 2585 723 2656 concessit
745 2583 854 2655 verbo
878 2600 1009 2670 φωνεῖν.
1472 2603 1475 2605 ·

344 2708 529 2781 Accedunt
552 2720 709 2798 suspecta
732 2708 833 2779 haec:

346 2833 422 2905 lnd.
446 2842 468 2900 Ι
493 2835 553 2904 16:
580 2832 623 2914 ώς
649 2832 669 2899 δ
690 2835 778 2923 βαρύ
804 2836 974 2917 στενάχων
998 2831 1070 2899 ἔπε’
1088 2830 1256 2922 Ἀργείοισι
1279 2832 1432 2920 μετηύδα

257 2967 334 3022 rec„
358 2941 588 3011 contaminata
611 2966 653 3010 ex

345 3073 373 3130 Σ
385 3066 473 3134 323:
499 3063 526 3130 d
534 3090 550 3142 ς
567 3062 587 3129 d
602 3070 656 3143 βα
666 3065 712 3153 ρύ
731 3084 827 3131 στεν
837 3067 922 3149 α’χω
932 3091 952 3130 ν
963 3063 1145 3149 μετεφώνεε
1158 3064 1434 3153 Μυρμιδόνεσσιν

257 3182 290 3242 et
314 3198 355 3242 ex
379 3170 546 3242 formula:

361 3318 408 3404 τῷ
440 3312 460 3379 δ’
489 3321 521 3397 y’
548 3314 757 3402 ἐρεισάμενος
790 3312 897 3380 ἔπεα
932 3314 1119 3403 Τρώεσσι
1152 3310 1432 3403 ’(Ἀρμείοισι)

1215 3420 1431 3506 μετηύδα,

256 3573 345 3637 quae
376 3545 520 3636 quidem
551 3544 605 3615 bis
628 3556 762 3616 tantum
785 3546 967 3634 reperitur:
998 3553 1030 3610 B
1049 3546 1116 3615 109
1139 3555 1174 3614 et
1198 3546 1325 3614 (⁹496.
1373 3546 1431 3613 De

254 3652 363 3726 verbo
385 3652 580 3739 μετηύδα
604 3651 647 3723 cf.
671 3677 744 3741 cap.
761 3655 840 3723 XII.

345 3776 459 3848 Ind.I
480 3779 544 3848 52:
568 3793 651 3843 τοῖσι
675 3777 706 3842 δ’
732 3775 952 3862 ώνιστύμενσς
977 3779 1222 3861 μετεφώνεε
1246 3832 1254 3846 .
1280 3831 1287 3845 .
1313 3832 1320 3845 .
1353 3801 1431 3856 tec„

205 3915 209 3919 ·
255 3888 298 3957 cl.
322 3910 395 3974 cap.
411 3888 491 3955 XII.

343 4008 467 4080 Concl.
484 4017 505 4075 Ι
519 4009 604 4080 173:

361 4150 405 4230 ώς
428 4152 525 4236 φάτο,
548 4168 632 4216 τοῖσι
655 4151 694 4216 δὲ
717 4155 824 4217 πᾶσι
848 4151 1014 4217 ἑαδότα
1038 4155 1182 4235 μύδον
1205 4148 1355 4217 ἔειπεν

254 4321 359 4367 unam
382 4292 487 4365 habet
509 4292 597 4364 anal.
621 4314 643 4358 σ
663 4294 745 4363 422.
