3092 5134
498 520 791 607 ⁸-3-

106 726 239 820 betraigt
255 730 311 801 die
328 730 417 802 Zahl
434 733 528 802 9253
547 732 643 818 (Ilias
662 735 767 814 5605,
792 732 923 822 Odyss.
938 735 1062 821 3648),
1083 733 1149 805 fast
1164 745 1277 824 genau'

106 837 162 905 ein
185 837 312 908 Drittel
344 837 536 909 samtlicher
560 842 792 910 Homerverse
816 841 1026 926 (1115695,
1051 840 1123 913 Od.
1145 842 1276 921 12160,

105 969 303 1016 zusammen
327 946 480 1031 27853).
527 949 634 1016 Diese
658 946 748 1017 Zahl
770 945 859 1017 wird
882 945 1083 1018 bedeutend
1107 947 1277 1019 vermehrt

104 1047 213 1121 durch
249 1050 306 1122 die
337 1052 521 1123 vereinzelt
551 1053 851 1125 vorkommenden
881 1053 1210 1144 Wiederholungen
1239 1057 1276 1125 in

103 1153 172 1226 den
195 1157 344 1239 andern3
370 1170 454 1229 setzt
476 1185 556 1229 man
580 1158 674 1230 diese
698 1159 848 1231 naimlich
868 1188 911 1231 zu
927 1163 1062 1231 Versen
1079 1187 1276 1232 zusammen

103 1262 176 1333 und
200 1264 340 1337 rechnet
363 1267 411 1336 sie
431 1267 536 1354 jenen
560 1293 613 1346 zu,
638 1293 677 1336 so
702 1265 814 1356 ergibt
845 1265 919 1343 dies
951 1266 1008 1339 die
1035 1269 1173 1339 Summe
1204 1295 1276 1340 von

102 1380 189 1440 etwa
210 1372 332 1442 16000
347 1375 492 1453 Versen,
516 1372 590 1442 also
614 1372 705 1442 stark
721 1371 791 1442 den
810 1373 966 1463 Umfang
981 1373 1043 1444 der
1060 1373 1148 1444 Ilias.
1180 1375 1276 1445 -Will

101 1500 181 1546 man
206 1477 366 1558 zusehen,
394 1478 529 1549 wieviel
552 1505 623 1550 von
647 1478 716 1549 den
747 1478 876 1551 beiden
908 1483 1005 1570 Epen
1035 1480 1123 1552 nach
1146 1481 1276 1571 Abzug

101 1581 182 1652 aller
206 1583 535 1674 Wiederholungen
562 1624 595 1635 -
620 1585 682 1657 der
699 1578 795 1656 'Vers

91 1730 94 1737 '
209 1722 271 1776 καί
289 1737 347 1796 μιν
371 1712 510 1796 (σφεας)
534 1713 691 1798 φωνήσας
718 1709 839 1796 (-σασ’)
864 1710 949 1778 ἔπεα
975 1714 1158 1801 πτερόεντα

803 1819 976 1906 προσηύδα
1002 1821 1160 1906 (-ηυ’δων)
1379 1873 1385 1891 ,

99 1938 211 2012 findet
234 1941 306 2012 sich
332 1943 374 2012 51
387 1941 465 2022 mal,
497 1940 579 2012 darf
597 1940 679 2012 aber
702 1942 871 2012 natiirlich
895 1969 961 2012 nur
985 1943 1109 2013 50mal
1139 1945 1176 2013 in
1198 1942 1273 2014 Aba

100 2074 167 2137 zug
198 2047 362 2137 gebracht
392 2047 531 2119 werden
563 2086 595 2097 -
628 2047 731 2138 iibrig
761 2047 882 2130 bleibt,
915 2076 954 2120 so
985 2048 1044 2120 hat
1076 2075 1155 2121 man
1187 2062 1273 2121 etwa

103 2155 226 2226 12000
241 2158 350 2226 Verse
374 2154 623 2237 abzurechnen,
647 2182 717 2226 was
742 2154 913 2245 ungeftihr
936 2155 1016 2226 dem
1034 2156 1191 2246 Umfang
1213 2156 1274 2228 der

99 2260 261 2350 Odyssee
285 2262 565 2351 gleichkommt.«
924 2268 927 2272 ’

156 2411 158 2414 ·
189 2390 240 2457 Ex
264 2386 318 2458 his
341 2389 468 2459 iteratis
491 2388 577 2458 mihi
601 2389 768 2478 imprimis
792 2387 869 2458 illae
893 2388 1073 2470 formulae,
1094 2416 1181 2479 quas
1204 2392 1272 2462 iam

98 2517 202 2582 supra
224 2496 332 2584 tetigi,
356 2494 576 2565 inductiones
600 2495 727 2566 scilicet
750 2507 783 2565 et
807 2493 1047 2566 conclusiones
1075 2499 1272 2567 orationum

96 2597 313 2683 directarum,
342 2601 500 2690 diligenti
531 2614 564 2672 et
595 2601 696 2691 plena
729 2603 980 2692 perquisitione
1011 2613 1051 2698 et
1073 2606 1271 2676 recensione

96 2731 208 2778 carere
231 2719 265 2778 et
287 2706 442 2798 indigere
465 2707 690 2788 videbantur;
723 2735 793 2798 qua
825 2707 869 2778 de
901 2736 1001 2780 causa
1032 2708 1118 2779 mihi
1149 2737 1204 2781 eas
1235 2713 1271 2781 in

96 2839 242 2885 examen
264 2841 386 2886 vocare
411 2818 591 2904 proposui.
667 2889 675 2904 ‚

186 2949 290 3019 Initio
306 2975 382 3021 mea
398 2948 512 3020 studia
528 2952 765 3021 restrinxeram
785 2948 830 3020 ad
846 2953 1044 3021 orationum
1060 2952 1270 3040 complexios

73 3143 74 3148 ἵ
94 3080 167 3136 nes,
198 3067 232 3126 at
259 3067 374 3127 tamen
397 3055 494 3127 brevi
517 3056 681 3138 intellexi,
706 3083 812 3147 quam
835 3069 904 3128 arte
928 3083 1007 3128 cum
1030 3057 1084 3127 his
1112 3057 1270 3128 formulis

80 3162 298 3233 cohaereant
337 3190 405 3243 eae,
445 3161 575 3253 quibus
611 3175 733 3252 poetae
769 3166 857 3252 epici
891 3163 1063 3235 inducunt
1097 3167 1269 3236 orationes

94 3266 256 3349 directam
281 3295 405 3359 nempe
430 3272 530 3360 quasi
547 3281 744 3342 curvaturae
769 3309 802 3320 -
827 3282 866 3341 ut
881 3297 960 3342 cum
975 3273 1140 3342 Vitruvio
1157 3270 1269 3343 dicam

94 3413 127 3423 -
153 3373 220 3445 sibi
243 3376 465 3464 respondent,
490 3379 577 3447 inter
601 3404 636 3447 se
659 3376 809 3448 tendunt
829 3390 862 3449 et
878 3377 1076 3449 rotundant.
1112 3377 1268 3460 Accedit,

95 3481 195 3570 quod
219 3481 315 3553 haud
339 3509 468 3572 paucae
492 3486 633 3555 istarum
657 3486 902 3555 sententiarum
930 3487 1030 3574 quasi
1061 3487 1134 3554 Iani
1166 3484 1268 3556 facies

94 3599 127 3658 et
150 3591 338 3678 respiciunt
358 3589 402 3661 ad
427 3592 619 3662 orationem
643 3589 796 3662 habitam
819 3590 966 3662 vocibus
990 3593 1078 3662 sicut
1101 3590 1144 3668 dc
1165 3594 1267 3677 φάτο,

93 3687 173 3784 ἤρα
199 3698 273 3766 sim.
299 3708 332 3768 et
355 3700 572 3787 prospiciunt
595 3697 639 3768 ad
656 3696 760 3769 verba
786 3700 975 3788 sequentia.
1010 3697 1188 3769 Adsumas
1204 3698 1268 3769 frea

94 3814 239 3890 quentes
270 3802 345 3874 illas
377 3803 554 3886 formulas,
587 3831 676 3895 quae
708 3807 821 3876 statim
852 3816 932 3894 post
964 3807 1071 3875 tinem
1102 3807 1267 3876 orationis

93 3920 181 3980 recta
205 3911 260 3981 via
285 3910 501 3982 contendunt
523 3911 567 3982 ad
592 3913 770 4001 sequentia
794 3910 909 3983 verba.

182 4043 322 4115 Deinde
354 4071 481 4134 magno
513 4071 591 4116 cum
624 4044 755 4135 gaudio
787 4044 969 4117 observavi
1001 4072 1061 4117 eos
1091 4045 1198 4128 locos,
1230 4048 1266 4116 in

93 4149 223 4240 quibus
248 4152 512 4222 conclusionum
536 4164 703 4223 structura
720 4164 753 4223 et
768 4153 977 4242 compositio
990 4151 1034 4224 ab
1051 4180 1118 4224 usu
1139 4151 1267 4224 recedit

94 4260 295 4339 Homerico,
320 4257 462 4328 eosdem
486 4257 588 4329 simul
612 4285 704 4330 serae
729 4260 871 4348 originis
896 4260 992 4348 signa
1016 4258 1265 4348 praeseferre.

93 4366 178 4452 Quo
221 4364 330 4435 modo
369 4391 419 4446 ea,
459 4392 547 4455 quae
586 4364 675 4436 duce
718 4365 982 4436 conclusionum
1024 4365 1266 4436 observatione

1077 4491 1106 4546 1*
