3092 5134
759 488 960 556 ...6-

276 708 364 771 quae
388 680 544 753 versibus
568 693 690 770 pancta
714 694 805 762 sunt,
829 694 868 752 ut
891 682 974 752 solis
998 681 1139 752 auribus
1156 694 1314 771 percepta
1338 681 1445 753 deleo

274 800 357 869 tent,
389 815 438 868 ea,
470 790 638 878 quoniam
669 815 739 859 vox
771 787 979 878 simulatque
1010 788 1102 860 edita
1126 801 1186 870 est,
1215 787 1444 860 irrevocabilis

275 893 370 975 abiit,
394 906 472 965 ante
496 897 613 966 omnia
637 907 776 986 oportet
798 896 901 985 plana
925 908 958 966 et
981 899 1161 985 perspicua
1185 923 1268 977 esse,
1293 907 1332 966 ut
1347 899 1445 986 sequi

275 1000 459 1071 commode
490 1004 625 1090 possint
662 1005 859 1073 recitantem
893 1001 1068 1074 auditores
1111 1029 1173 1074 nec
1204 1014 1356 1073 moretur
1387 1030 1444 1074 eos

274 1107 408 1197 aliquid
432 1119 630 1198 avertatque
647 1135 787 1181 sensum
810 1135 829 1179 a
856 1111 1013 1197 proxime
1037 1108 1319 1189 succedentibus;
1352 1109 1445 1180 aliter
1523 1098 1525 1103 ¹

274 1217 366 1284 enim
388 1213 545 1286 futurum
568 1214 644 1296 fuit,
676 1227 715 1287 ut
737 1208 916 1287 audiendo
939 1218 1048 1305 magis
1071 1215 1293 1306 fatigarentur
1316 1228 1444 1287 mentes

274 1347 380 1411 quam
399 1321 657 1394 delectarentur.
696 1325 745 1393 Ea
769 1349 859 1412 quae
882 1334 1070 1404 narrantur,
1094 1325 1140 1394 ita
1159 1323 1271 1394 solent
1287 1322 1443 1404 describi,

273 1439 312 1498 ut
335 1454 468 1518 semper
492 1456 534 1501 ex
558 1431 762 1519 praegressis
787 1430 903 1522 aliqua
927 1455 1004 1520 pars
1028 1441 1217 1520 repetatur,
1246 1457 1319 1520 quo
1345 1431 1385 1501 fit
1408 1443 1445 1501 ut

273 1546 307 1605 et
330 1561 378 1617 ea,
403 1562 492 1625 quae
516 1537 584 1606 iam
608 1520 726 1607 audita
750 1547 841 1617 sunt,
865 1535 999 1607 facilius
1019 1539 1227 1608 retineantur
1242 1537 1444 1628 firmiusque

272 1643 511 1732 imprimantur
534 1645 656 1713 animis
680 1655 713 1713 et
740 1642 853 1714 laxius
885 1654 989 1732 atque
1020 1646 1194 1714 remissius
1217 1644 1304 1740 fluat
1335 1647 1443 1715 oratio

273 1775 378 1838 quam
402 1751 431 1820 si
453 1761 556 1838 poeta
580 1751 681 1846 novis
705 1775 839 1840 semper
867 1752 1068 1840 constipatis
1098 1753 1323 1821 attentionem
1354 1750 1443 1822 diffie

272 1855 371 1926 cilem
394 1867 428 1926 et
450 1855 630 1927 molestam
652 1855 821 1927 redderet.

361 2008 542 2080 Permultis
557 2009 642 2078 locis
656 2009 852 2078 Homericis
869 2010 1052 2099 praecipue
1068 2007 1273 2089 recentibus,
1289 2021 1443 2080 auctores

271 2114 407 2186 addunt
438 2140 567 2185 nomen
598 2116 682 2196 eius
715 2116 777 2204 qui
807 2113 946 2186 locutus
977 2127 1045 2197 est,
1084 2141 1127 2185 ne
1158 2117 1198 2196 is,
1235 2119 1297 2206 qui
1329 2116 1443 2196 audit,

270 2221 429 2293 meditari
451 2220 587 2303 debeat,
612 2248 653 2291 ex
678 2248 751 2312 quo
776 2213 930 2311 profecta
954 2224 1022 2292 sint
1044 2221 1149 2294 verba
1173 2221 1301 2304 audita,
1330 2250 1443 2313 neque

269 2327 424 2399 taedium
448 2341 560 2399 sumat
591 2355 633 2398 ex
664 2327 726 2398 illo
750 2327 880 2398 labore.
928 2331 1046 2420 Quem
1074 2329 1248 2426 interdum
1272 2357 1344 2400 non
1375 2333 1443 2401 exie

210 2529 212 2532 Ι
269 2461 378 2524 guum
410 2461 482 2506 esse
513 2437 550 2505 in
573 2434 824 2506 hodiernorum
855 2438 1061 2525 scriptorum
1088 2436 1235 2508 lectione
1259 2437 1442 2526 profiteor;

269 2568 342 2612 non
365 2541 470 2613 semel
494 2544 574 2613 satis
598 2540 660 2612 diu
684 2555 837 2612 moratus
865 2569 952 2624 sum,
985 2570 1152 2633 quaerens
1176 2555 1210 2614 et
1237 2547 1442 2634 quaesitans,
1523 2626 1524 2633 ἵ

182 2674 184 2678 ·
270 2652 325 2727 cui
357 2651 529 2721 orationes
562 2649 712 2720 celeriter
734 2651 903 2720 variantes
927 2662 960 2720 et
983 2651 1133 2743 vicissim
1157 2649 1442 2740 praeterlabentes
1523 2660 1524 2717 ἒ

268 2755 473 2827 tribuendae
502 2768 623 2826 essent.
672 2758 739 2852 His
763 2755 930 2827 molestiis
953 2783 1026 2827 non
1050 2783 1221 2847 urgemur,
1246 2760 1274 2828 si
1299 2761 1443 2849 scriptor

269 2875 450 2953 poetarum
496 2865 730 2933 scaenicorum
775 2865 907 2945 ratione
953 2863 1171 2935 orationibus
1217 2890 1442 2953 personarum
1523 2922 1524 2929 ,

269 2995 398 3040 nomen
431 2969 527 3041 nude
565 2968 738 3041 adscribit.
791 2972 826 3042 Si
859 2973 964 3060 igitur
999 2973 1171 3042 orationes
1204 2971 1348 3044 directas
1383 2983 1443 3043 aut

268 3078 356 3147 inter
379 3103 414 3147 se
438 3088 498 3147 aut
521 3103 539 3147 a
563 3079 757 3147 narratione
780 3103 854 3147 non
877 3076 1054 3149 distinctas
1077 3089 1147 3148 tam
1170 3105 1268 3168 aegre
1300 3078 1442 3150 ferimus

269 3185 305 3253 in
328 3181 466 3263 fabulis,
492 3209 581 3272 quae
597 3182 717 3254 litteris
734 3210 897 3255 excussae
921 3197 1011 3265 sunt,
1037 3196 1169 3274 quanto
1185 3188 1294 3275 magis
1311 3188 1443 3257 seiano

267 3291 399 3360 tionem
415 3291 601 3379 praecisam
618 3315 708 3380 opus
725 3289 831 3361 fuisse
856 3303 956 3380 putas
977 3293 1013 3361 in
1037 3290 1245 3363 carminibus
1269 3294 1442 3381 epicis?¹)

270 3400 350 3467 Huc
382 3395 467 3478 mihi
498 3395 593 3467 aliud
626 3423 770 3487 quoque
802 3400 969 3487 pertinere
1000 3397 1155 3479 videtur,
1196 3398 1294 3488 quod
1326 3398 1443 3470 obsere

267 3502 371 3575 vabat
393 3515 510 3593 poeta:
535 3515 654 3593 regnat
677 3530 811 3575 summa
834 3507 999 3576 orationis
1023 3504 1170 3577 directae
1195 3532 1273 3576 cum
1297 3532 1444 3576 numero
1523 3568 1524 3571 ,

267 3636 430 3682 versuum
472 3613 681 3700 conspiratio
693 3614 737 3698 ²),
785 3639 865 3683 nam
911 3639 1142 3702 unaquaeque
1189 3614 1299 3684 oratio
1346 3639 1443 3691 novo
1523 3672 1524 3705 p

267 3719 388 3808 incipit
425 3743 527 3793 versu
566 3729 599 3788 et
633 3717 699 3788 sub
734 3745 853 3790 versus
887 3718 993 3789 finem
1028 3721 1193 3791 consistit.
1247 3719 1443 3791 Conclusio
1523 3748 1524 3823 ᾗ

267 3826 372 3914 igitur
395 3849 528 3913 semper
551 3850 647 3895 novo
670 3852 771 3896 versu
795 3828 933 3897 initium
956 3828 1071 3907 sumit,
1095 3838 1199 3916 atque
1223 3825 1260 3897 id
1285 3853 1327 3896 eo
1352 3853 1442 3917 quos

268 3958 337 4021 que
368 3931 532 4021 singulari
555 3930 634 4003 loco
659 3934 706 4019 (A
729 3934 829 4020 303),
861 3958 934 4023 quo
966 3959 1008 4002 ex
1040 3931 1186 4022 obliqua
1217 3935 1379 4005 oratione·
1405 3936 1443 4004 in
1523 3936 1524 3987 ἶ

268 4118 280 4122 -
285 4115 482 4122 ..m-u*

359 4218 385 4288 l)
404 4215 438 4275 cf.
458 4221 499 4275 Fr.
518 4221 554 4276 A.
568 4219 655 4278 Wolf
669 4220 741 4292 prol.
762 4241 808 4293 pg.
826 4224 930 4280 XClll.

356 4337 384 4410 2)
405 4337 533 4410 Exceptis
552 4341 649 4411 paucis
667 4336 948 4410 interpolationibus.
