3092 5134
575 502 799 570 „49-

187 697 328 766 Etiamsi
358 695 441 766 haec
472 706 607 766 tantum
637 694 860 778 adumbravi,
891 698 959 768 iam
990 682 1144 788 intellegi,
1173 708 1271 785 puto,

94 829 170 892 quo
195 805 269 874 iure
294 801 532 873 conclusiones
551 804 765 879 Homericas,
791 803 921 893 quibus
944 802 1151 875 indicativus
1175 801 1272 875 verbi

93 916 204 978 εἰπεῖν
227 911 326 990 inest,
351 920 524 997 suspectas
547 908 695 979 habeam
718 936 825 999 quam
848 913 1005 982 maxime.

534 1128 659 1251 Cap.
694 1130 840 1228 XVI.

337 1288 401 1356 De
424 1284 562 1356 verbo
585 1286 779 1352 ἐνίπιειν
802 1286 1033 1362 (ἐνίσσειν).

189 1427 288 1519 Quid
305 1427 350 1499 de
371 1440 478 1499 aetate
495 1430 591 1499 vocis-
606 1429 755 1495 ἐνίπιειν
767 1429 938 1505 (ἐνίσσειν)
955 1427 1176 1499 statuendum
1193 1431 1271 1498 est?

187 1540 227 1606 In
251 1534 358 1606 Iliade
382 1534 507 1625 legitur

94 1652 126 1708 B
151 1645 221 1714 245
246 1645 275 1730 (ι
300 1644 448 1728 Ρ141);
480 1655 542 1708 καί
564 1669 623 1728 μιν
646 1641 783 1732 ὑπόδρα
809 1643 890 1709 ίδιέν
912 1646 1051 1732 χαλεπῷ
1072 1641 1272 1730 ἠνίπαπε

245 1752 370 1839 μύθῳ

93 1865 125 1922 Γ
146 1858 235 1927 427ε
262 1911 339 1936 ...,
365 1857 466 1923 πόσιν
491 1858 522 1923 d'
543 1856 744 1945 ἠνίπαπε
766 1858 891 1946 μύθῳ

23 2034 26 2040 ,
97 1969 127 2031 Θ
150 1965 239 2034 412;
266 2018 343 2045 ...,
367 1965 448 2042 Διός
472 1965 513 2030 δέ
533 1972 590 2049 σφ’
614 1963 769 2032 ἔννεπε
792 1969 936 2050 μῦθον

98 2079 125 2136 0
151 2073 238 2141 552:
262 2071 323 2137 ιον
346 2078 376 2159 ρ’
390 2069 513 2158 Ἕκτωρ
529 2072 724 2148 ἐνένιπε,
750 2069 829 2148 ἐπος
844 2078 874 2136 τ’
890 2069 987 2156 ἔφατ’
1003 2068 1039 2136 ἐκ
1054 2078 1083 2135 τ’
1102 2069 1271 2156 ὀνόμαζεν

97 2186 131 2243 Π
151 2180 239 2248 626;
265 2175 308 2255 (ἐς
333 2178 429 2263 φάτο,
452 2179 514 2245 τόν
539 2180 572 2268 δ’,
592 2179 771 2246 ἐνένιπε
795 2187 976 2245 Μενοιτίου
1001 2176 1138 2262 ἄλκιμος
1161 2179 1234 2256 νίός

93 2293 130 2350 Χ
152 2286 241 2354 497:
268 2340 345 2365 ...,
369 2294 425 2350 καὶ
452 2284 744 2352 ὀνειδείοισιν
767 2286 951 2352 ἐνίσσων

97 2401 134 2457 Ψ
155 2394 244 2463 475;
268 2393 329 2459 cdv
354 2394 384 2458 δ’
409 2397 594 2482 αἰσχροῖς
617 2393 823 2460 ἐνένιπεν
850 2394 970 2480 Οίλῆος
992 2391 1203 2475 ταχύςΑἴας

94 2506 125 2564 Ω
151 2500 239 2569 238:
350 2497 491 2566 ἐπεσσ
515 2505 764 2587 αἰσχροῖσιν
787 2500 979 2566 ἐνίσσων.

202 2606 309 2678 conf.
334 2605 378 2676 ad
402 2608 527 2678 13245
553 2606 642 2676 Rob.
668 2632 724 2696 pg.
751 2609 821 2676 559
846 2604 998 2695 (episod.
1026 2603 1071 2675 de
1094 2604 1269 2691 Thersite)

245 2739 265 2778 ν
345 2715 528 2783 »0552
586 2739 607 2776 ν
683 2739 703 2776 ν
754 2714 817 2783 141
1175 2763 1180 2768 -

245 2847 266 2883 ›>
345 2846 366 2882 ›>
405 2822 527 2891 111473
586 2847 607 2883 >>
682 2847 703 2883 ›>
751 2822 823 2892 570

247 2953 268 2989 >>
347 2929 528 2997 »0412
586 2953 607 2990 »
682 2930 821 2998 »166

246 3060 267 3096 »
346 3037 527 3105 »Π626
585 3061 606 3097 >>
683 3036 823 3106 »100

245 3167 265 3203 »
346 3143 525 3212 »Χ497
584 3167 604 3204 s
681 3167 701 3204 ν
748 3144 914 3231 239seq.

92 3253 167 3319 Iam
191 3274 273 3319 vero
299 3255 327 3314 Ω
354 3250 424 3319 258
449 3237 710 3320 adnotationem
740 3259 814 3318 no'n
842 3247 1024 3319 desiderat.
1071 3247 1203 3318 Nullus
1227 3275 1269 3318 ex

89 3356 147 3426 his
177 3354 262 3426 locis
294 3357 330 3426 in
360 3357 591 3426 vetustissima
616 3355 723 3427 Iliade
759 3355 901 3446 legitur,
936 3354 1031 3444 apud
1066 3357 1269 3426 recentiores

90 3461 236 3533 demum
253 3460 473 3548 Homeridas,
491 3489 581 3552 quos
600 3465 736 3534 Ionicos
761 3462 892 3543 dicunt,
915 3461 1098 3533 manifesto
1114 3464 1150 3532 in
1167 3487 1269 3532 usum

90 3580 268 3658 receptum
292 3581 351 3640 est.
399 3572 501 3659 Quae
534 3596 612 3641 cum
642 3573 688 3641 ita
717 3572 802 3652 sint,
832 3596 906 3640 non
938 3568 1101 3659 plaudere
1125 3594 1269 3657 possum

91 3678 143 3746 eis
181 3702 270 3766 quae
302 3676 391 3748 Rob.
421 3703 478 3766 pg.
504 3679 574 3747 206
606 3704 677 3768 seq.
710 3677 754 3749 ad
785 3685 816 3742 Γ
835 3679 906 3747 427
939 3675 1127 3748 adnotavit.
1174 3678 1269 3747 Nam

91 3785 225 3853 etiamsi
249 3794 362 3853 totum
385 3782 473 3854 illud
498 3810 632 3855 carmen
656 3787 836 3873 proprium
860 3783 959 3874 quod
988 3794 1038 3853 est
1069 3781 1113 3852 de
1138 3781 1268 3852 Paridis

74 3897 128 3958 'et
148 3888 302 3959 Menelai
326 3892 506 3966 certamine
531 3890 574 3961 ab
600 3882 712 3961 Iliade
731 3892 960 3961 vetustissima
983 3888 1131 3969 seclusit,
1154 3900 1269 3959 tamen

92 3994 187 4065 illius
199 3997 456 4078 retractationis,
473 4023 579 4087 quam
592 4009 714 4086 poetae
727 3999 843 4068 ionico
860 3996 1058 4081 attribuit,¹)
1072 4020 1145 4065 non
1160 4021 1269 4084 pauca

187 4173 213 4244 l)
232 4172 305 4231 Rob.
316 4194 362 4246 pg.
372 4177 439 4231 205:
452 4172 518 4231 »dle
531 4173 651 4246 Πάριδος
664 4177 709 4228 καὶ
721 4174 860 4228 Μενελάου
868 4182 1026 4247 μονομαχία
1039 4179 1075 4230 ist
1087 4172 1177 4230 ihrem
1191 4175 1269 4229 Kern

93 4260 169 4318 nach
187 4261 362 4334 mykenisch.
400 4264 445 4320 sie
465 4267 500 4320 ist
518 4263 586 4320 aber
604 4261 685 4320 nicht
702 4282 759 4320 nur
777 4263 868 4322 durch
886 4265 1005 4321 Zusatze
1028 4260 1104 4319 stark
1122 4266 1267 4326 erweitert,

94 4347 222 4407 sondem
241 4348 315 4408 auch
334 4355 372 4408 im
392 4350 543 4410 einzelnen
562 4351 824 4424 systematisch
839 4356 1050 4425 jonisiert.«

1084 4458 1102 4513 4
