3092 5134
749 480 970 548 -.tg-

272 672 418 744 Theocr.
443 675 544 744 XXII
567 674 630 743 181
658 673 809 762 scripsit:
834 673 927 752 εἰπε,
950 697 1023 742 non
1047 672 1220 751 miramur,
1244 669 1343 760 quod
1362 660 1454 741 ciuss

272 779 370 851 modi
394 779 562 851 formulae
587 779 688 869 plane
711 778 840 850 desunt
862 777 957 866 apud
977 779 1049 868 Ap.
1067 776 1182 849 Rhod.
1200 789 1233 848 et
1250 780 1322 867 Qu.
1340 779 1456 866 Smyr·

271 913 415 968 naeum,
447 889 509 977 qui
540 888 648 976 magis
673 889 833 956 Homero
867 911 902 956 se
930 885 1209 974 applicaverunt,
1240 896 1274 956 at
1296 884 1456 956 mirabile

272 992 358 1065 mihi
380 993 527 1074 videtur,
561 992 659 1084 quod
682 995 754 1082 Ap.
780 990 909 1073 Rhod.,
941 994 1100 1082 quamvis
1123 990 1279 1069 studiose
1304 993 1456 1062 Homeri

271 1103 415 1191 vestigia
439 1111 580 1190 premat,
603 1099 750 1171 verbum
774 1105 882 1166 εἰπεῖν
906 1098 1002 1170 solus
1027 1101 1209 1170 omnino
1232 1100 1373 1186 respuit.

361 1228 494 1297 Contra
519 1227 690 1306 Nonnus,
719 1226 852 1314 quippe
877 1225 939 1314 qui
963 1249 1072 1295 novas
1096 1234 1129 1295 et
1151 1225 1261 1294 varias
1285 1221 1455 1293 formulas

273 1333 486 1421 appetiverit,
518 1330 744 1402 indicativum
768 1329 866 1402 verbi
890 1335 999 1397 εἰπεῖν
1023 1341 1103 1419 post
1126 1331 1323 1401 orationum
1346 1329 1454 1400 finem

273 1441 309 1510 in
333 1437 466 1509 deliciis
489 1438 603 1509 habet.
648 1441 777 1528 Neque
802 1449 985 1509 contentus
1008 1435 1155 1526 simplici
1180 1435 1288 1508 verbo
1312 1435 1455 1507 dicendi

273 1545 478 1636 plerumque
503 1546 721 1635 participium
743 1544 800 1616 vel
824 1544 944 1615 saltem
968 1543 1223 1615 substantivum
1246 1542 1381 1624 adiecit,
1414 1554 1454 1613 ut

274 1652 464 1742 pleniorem
488 1677 615 1723 sonum
637 1650 807 1722 redderet.
854 1653 948 1722 20⁵0¹¹⁸
971 1649 1133 1739 indagavi
1156 1649 1251 1739 apud
1277 1653 1453 1721 Nonnum

274 1761 388 1842 εἶπεν,
434 1758 593 1849 adiungit
631 1771 745 1830 autem
784 1758 868 1830 haec
907 1757 976 1828 fere
1015 1760 1208 1848 participia:
1250 1757 1452 1846 ὁμοκλήσας,

273 1866 507 1954 οἷγγελλομένη,
533 1865 748 1947 οἷναβλύζων,
784 1865 964 1943 οἷπεολέων,
998 1876 1255 1953 παραιφαμένη,
1287 1865 1454 1947 relinqu,

272 1975 521 2063 παραπλάζων,
546 1985 772 2063 παρηγορέων,
797 1985 954 2040 κοτέουσα
979 1973 1053 2043 sim.
1094 1974 1202 2061 Saepe
1225 1973 1328 2042 etiam
1352 1969 1453 2042 addit

272 2106 479 2170 pronomen.

362 2189 475 2258 Liceat
504 2186 590 2257 mihi
621 2189 723 2258 etiam
754 2186 859 2257 verba
890 2213 933 2256 ex
957 2188 1062 2274 stirpe
1085 2186 1139 2253 ἐπ·
1168 2197 1202 2256 et
1224 2186 1452 2274 praepositios

272 2294 377 2366 nibus
403 2295 595 2384 composita
616 2293 729 2364 obiter
749 2295 984 2383 perstringere,
1009 2319 1087 2364 cum
1103 2291 1234 2383 quibus
1250 2294 1323 2362 sine
1339 2290 1453 2362 dubio

275 2400 543 2492 quodammodo
576 2400 760 2477 cohaerent
783 2399 888 2471 verba
910 2401 1069 2478 ἐνίπτων,
1099 2401 1251 2477 birram,
1283 2425 1383 2489 quae,
1414 2410 1455 2469 ut

272 2511 310 2579 in
326 2534 400 2598 cap.
417 2511 504 2579 XVI
528 2506 832 2588 demonstrabitur,
855 2509 892 2578 in
915 2509 1034 2596 paucis
1058 2519 1092 2578 et
1106 2505 1301 2577 recentibus
1316 2518 1452 2580 tantum

273 2614 431 2686 formulis
457 2614 587 2705 quibus
611 2616 809 2686 orationum
831 2616 969 2684 initium
993 2625 1132 2684 notatur
1162 2612 1279 2684 locum
1302 2612 1450 2693 habent;

272 2724 309 2792 in
339 2721 641 2811 complexionibus
677 2732 795 2817 contra
834 2720 934 2810 plane
966 2723 1085 2810 ignota
1116 2731 1196 2790 sunt
1230 2720 1313 2791 haec
1345 2718 1451 2791 verba

274 2832 443 2910 Homero,
468 2828 562 2918 apud
587 2830 757 2918 epigonos
781 2840 896 2900 autem
920 2830 1008 2898 sicut
1027 2839 1061 2898 et
1077 2826 1141 2898 alia
1157 2829 1193 2896 in
1209 2826 1450 2897 conclusiones

272 2938 481 3006 invaserunt.
530 2937 681 3006 Primum
712 2946 822 3006 exstat
852 2933 947 3022 apud
981 2933 1168 3005 Pindarum
1192 2933 1336 3022 Olymp.
1362 2935 1450 3003 189

273 3054 307 3112 et
330 3046 434 3112 Nem.
458 3046 491 3113 X
516 3044 562 3112 79
594 3041 637 3120 o‘ic
662 3029 810 3109 ἔννεπεν.
858 3043 951 3112 Tum
982 3040 1077 3131 apud
1109 3040 1246 3112 Callim.
1270 3038 1388 3127 hymn.
1412 3041 1451 3109 in

273 3151 424 3219 Dianam
451 3150 529 3219 158.
582 3147 747 3220 Crebrius
780 3159 831 3218 est
861 3147 1007 3219 verbum
1036 3146 1173 3218 nudum
1204 3147 1323 3214 ’ἔννεπε
1358 3148 1449 3232 (sine

272 3253 341 3333 dc),
366 3255 465 3346 quod
489 3257 605 3344 ipsum
629 3281 773 3345 quoque
797 3247 948 3344 primum
971 3252 1067 3344 apud
1091 3252 1280 3324 Pindarum
1303 3252 1448 3341 Olymp.

272 3365 362 3434 VIII
379 3365 422 3432 41
450 3374 484 3433 et
500 3361 618 3433 Isthm.
635 3366 724 3434 VIII
741 3363 789 3432 46
812 3363 940 3433 inveni.
981 3363 1039 3432 Bis
1062 3360 1157 3450 apud
1175 3359 1312 3432 Callim.
1328 3359 1448 3447 hymn.

272 3471 308 3539 in
332 3471 436 3540 Dian.
473 3472 520 3540 86
555 3481 588 3540 et
622 3467 741 3557 hymn.
777 3471 814 3538 in
845 3468 926 3539 Del.
951 3470 1033 3539 205.
1079 3467 1199 3538 Multo
1235 3465 1450 3557 frequentior

273 3575 382 3647 Iactus
413 3587 464 3646 est
494 3602 577 3646 usus
608 3574 703 3664 apud
729 3578 920 3655 Nonnum,
953 3574 1015 3645 ubi
1046 3577 1083 3645 in
1106 3576 1257 3661 Dionys.
1283 3575 1376 3644 30¹³¹¹⁵
1398 3576 1448 3644 in·

272 3685 418 3763 venitur,
441 3695 492 3754 ter
514 3685 551 3752 in
568 3681 725 3771 paraphr.
767 3684 947 3770 Participia
971 3680 1016 3752 ad
1033 3682 1153 3749 ἔννεπε
1175 3679 1307 3751 adiecta
1330 3706 1448 3750 numes

272 3791 344 3860 ravi
368 3788 569 3879 quindecim
592 3788 687 3859 locis.
736 3791 833 3860 Haec
857 3787 1049 3870 sufficiant,
1081 3786 1142 3859 sed
1171 3813 1281 3858 unum
1304 3813 1448 3877 quoque

272 3899 451 3968 notatione
477 3895 624 3986 dignum
647 3907 734 3985 puto
758 3897 829 3984 Ap.
854 3895 1052 3976 Rhodium,
1084 3897 1146 3985 qui
1170 3894 1252 3966 alias
1275 3919 1447 3984 nusquam

272 4002 418 4075 verbum
452 4009 559 4071 εἰπεῖν
595 4001 762 4084 admittit,
799 4002 904 4074 semel
939 4005 1008 4088 (III
1042 4004 1129 4088 367)
1165 4003 1338 4090 scripsisse
1371 4017 1445 4068 τοῖα

274 4121 484 4201 παρέννεπεν
501 4109 661 4200 ’‘Apyoc.¹)

365 4325 391 4395 l)
409 4323 443 4381 cf.
463 4322 561 4381 adnot.
581 4323 618 4381 ad
637 4344 682 4396 pg.
702 4326 745 4381 43.
