3092 5134
594 512 791 579 -5..

107 706 195 778 hanc
219 706 424 797 popularem
448 704 638 777 dictionem
661 705 813 775 imitatur
830 703 1020 776 Fridericus
1037 709 1173 786 Reuter,
1197 703 1279 776 Olle

108 811 287 884 Kamellen
312 815 362 882 ΙΙΙ
395 837 468 902 cap.
497 813 557 882 12:
589 850 622 862 -
647 810 783 893 »hm1«,
807 814 876 902 sag’
900 810 967 892 ich,
1002 850 1035 861 -
1060 816 1184 892 κοῖα,
1209 813 1279 901 sag'

103 918 173 1001 ich,
204 958 238 970 -
270 924 387 1000 »nal«,
419 921 488 1008 sag'
512 918 579 1000 ich,
611 958 644 969 -
677 943 771 1008 »gun
795 920 921 1008 Tagi«,
954 920 1023 1008 sag'
1047 917 1103 988 ich
1133 944 1182 988 un
1212 917 1280 1008 geh

108 1053 138 1096 e.
155 1053 190 1116 q.
207 1053 233 1096 s.
274 1028 405 1096 Nonne
429 1038 542 1122 poeta,
567 1027 629 1116 qui
653 1027 801 1097 carmina
821 1027 917 1115 epica
940 1027 1070 1115 pangit,
1093 1027 1167 1114 ipse
1193 1051 1279 1115 quoe

108 1159 178 1223 que
194 1135 338 1204 nuntius
355 1137 431 1203 est?
467 1135 598 1203 Nonne
614 1133 716 1203 refert
731 1159 781 1214 ea,
799 1159 888 1222 quae
904 1134 936 1203 ei
952 1159 971 1203 a
987 1134 1103 1203 Musis
1119 1131 1280 1203 mandata

106 1245 215 1311 sunt?
263 1243 373 1329 Quas,
402 1241 605 1330 priusquam
630 1266 764 1311 carmen
787 1241 938 1328 incipiat,
962 1241 1111 1320 invocat,
1143 1251 1182 1310 ut
1213 1237 1280 1309 sibi

106 1346 238 1418 auxilio
263 1349 331 1418 sint
354 1346 399 1418 ad
423 1374 462 1418 ea
486 1346 591 1436 digne
615 1359 648 1418 et
665 1346 836 1436 eleganter
851 1346 1054 1437 promenda,
1079 1372 1168 1436 quae
1185 1348 1279 1435 ipsae

106 1453 175 1525 sibi
197 1454 444 1526 mandaverint.
482 1457 562 1525 Hoc
586 1453 777 1541 luculenter
792 1453 1007 1545 Apollonius
1025 1453 1185 1524 Rhodius
1201 1480 1280 1543 pros

106 1561 222 1633 fitetur
244 1563 378 1652 Argon.
402 1569 433 1628 Δ
458 1563 550 1632 1379
574 1588 664 1651 seq.:

167 1799 171 1807 ,
236 1706 411 1772 Μουσάων
436 1702 494 1771 b'da
517 1708 639 1790 μῦθος.
664 1705 727 1788 ἐγώ
753 1706 784 1771 δ’
807 1703 1111 1783 ΐπακονδςεοῖείδω
1147 1706 1150 1713 “

235 1813 411 1900 Πιερίδων,
435 1821 493 1878 καὶ
516 1814 617 1901 τήνδε
641 1818 850 1901 πανατρεκὲς
876 1810 992 1879 ἔκλυον
1017 1810 1137 1900 ὅμφήν.

45 2039 55 2052 ·
195 1956 319 2044 Magni
335 1957 502 2026 momenti
517 1954 555 2026 id
580 1980 724 2044 quoque
741 1954 848 2026 fuisse
864 1980 998 2036 censeo,
1016 1953 1115 2044 quod
1133 1955 1280 2025 carmina

107 2064 203 2153 epica
226 2088 299 2132 non
323 2061 367 2132 ad
391 2060 578 2151 legendum
599 2061 660 2132 sed
677 2060 722 2132 ad
738 2061 954 2132 audiendum
971 2060 1279 2151 componebantur.

198 2204 402 2295 Simpliciter
425 2217 459 2276 et
486 2206 571 2276 sicce
603 2204 672 2276 fere
704 2216 808 2295 poeta
838 2203 967 2276 indicat
998 2206 1190 2275 orationem
1221 2215 1281 2274 aut

106 2324 299 2383 secuturam
315 2323 375 2382 aut
391 2310 545 2383 habitam
561 2311 676 2398 esse.¹)
708 2314 808 2382 Num
826 2324 902 2382 toto
918 2311 985 2382 hoc
1001 2335 1124 2401 genere
1141 2309 1280 2382 dicendi

106 2445 197 2508 opus
214 2430 294 2500 erat,
318 2420 347 2489 si
364 2417 663 2512 componebantur
678 2418 736 2490 illa
752 2430 922 2508 poemata,
939 2431 978 2489 ut
993 2419 1280 2508 legerentur?

105 2528 238 2596 Nonne
272 2525 330 2596 ille
365 2524 492 2596 additis
528 2527 634 2615 signis
669 2524 725 2597 vel
760 2527 872 2616 spatio
907 2527 1083 2597 interiecto
1114 2526 1280 2596 orationis

26 2644 31 2652 ’
106 2632 290 2704 exordium
322 2644 355 2703 et
377 2631 483 2702 finem
514 2632 624 2703 oculis
655 2633 823 2704 lectorum
853 2631 1086 2703 demonstrare
1117 2636 1279 2721 poterat?

107 2742 239 2810 Nonne
263 2765 303 2810 ea
325 2741 457 2810 ratione
481 2751 649 2811 nostrates
673 2738 819 2811 scribere
844 2738 984 2810 solent?

196 2867 297 2965 Quae
322 2866 439 2934 omnia
470 2865 679 2955 explicatum
709 2866 902 2945 inveniunt,
938 2866 967 2934 si
1002 2866 1108 2935 sumis
1133 2864 1280 2934 carmina

105 2970 163 3042 illa
193 2983 327 3043 vetusta
358 2973 508 3060 primum
539 2997 612 3042 non
640 2971 760 3042 litteris
792 2971 963 3053 mandata,
995 2971 1056 3042 sed
1087 2973 1224 3042 recitata
1248 2982 1281 3041 et

105 3076 223 3148 audita
254 3105 337 3149 esse.
385 3080 454 3149 Hic
483 3078 590 3149 habes
619 3105 755 3150 causam
787 3078 880 3150 illius
904 3090 1098 3168 apparatus,
1145 3079 1280 3149 Etenim

196 3293 223 3363 1)
242 3296 289 3351 Ne
308 3293 380 3351 falso
400 3299 590 3368 interpreteris
609 3316 671 3353 mea
689 3295 785 3362 verba,
805 3295 861 3353 hoc
879 3293 967 3353 addo.
993 3298 1063 3353 Dixi
1081 3295 1281 3368 »simpliciter«

104 3392 133 3441 et
158 3389 266 3441 »sicce«
294 3392 423 3456 spectans
450 3383 656 3456 simplicitatem
684 3384 839 3443 verborum
867 3393 1056 3457 comparatam
1084 3405 1149 3443 cum
1176 3393 1281 3443 ornatu

105 3478 303 3544 posteriorum,
326 3472 377 3531 sed
396 3479 504 3531 etiamsi
528 3473 615 3531 nobis
641 3479 772 3546 ignotum
800 3483 848 3541 est,
876 3495 936 3546 quo
961 3472 1052 3532 modo
1077 3479 1201 3532 carmina
1225 3474 1280 3532 sub

105 3545 226 3620 Homeri
244 3567 363 3620 nomine
382 3568 535 3620 memoriae
554 3561 655 3621 tradita
681 3572 743 3620 orta
761 3569 831 3630 sint,
858 3572 886 3622 et
909 3584 1082 3636 quamquam
1107 3569 1172 3630 iter,
1198 3563 1281 3636 quod

103 3671 148 3708 ars
160 3656 272 3724 poetica
284 3659 367 3709 antea
380 3650 490 3718 fecerat,
510 3652 596 3710 nobis
614 3673 725 3724 semper
742 3652 867 3726 tenebris
885 3652 1011 3711 velatum
1030 3652 1165 3720 manebit,
1184 3661 1280 3712 tamen

105 3738 162 3798 hoc
181 3739 361 3798 confidenter
379 3739 471 3799 dicere
491 3741 643 3801 audemus:
669 3740 836 3800 admirabile
855 3740 911 3800 hoc
930 3762 1021 3814 genus
1046 3740 1171 3809 dicendi,
1198 3742 1280 3814 quod

104 3849 155 3902 per
178 3830 356 3888 saeculorum
381 3835 481 3888 scriem
506 3829 621 3888 duravit
645 3851 736 3902 usque
762 3829 799 3888 ad
824 3829 902 3889 hunc
927 3829 1012 3897 diem,
1040 3851 1135 3904 neque
1164 3840 1279 3904 repente

104 3938 198 3990 neque
223 3939 260 3976 ex
287 3923 405 3991 ingenio
431 3924 517 3977 unius
542 3924 596 3978 viri
619 3928 723 3986 ortum,
752 3926 841 3978 immo
864 3940 934 3978 vero
962 3919 1107 3994 paulisper
1129 3920 1227 3980 fictum
1253 3929 1281 3978 et

104 4007 264 4080 expolitum
289 4017 331 4066 est
355 4029 410 4066 usu
438 4007 585 4067 cotidiano
613 4018 641 4067 et
668 4008 809 4067 industria
836 4008 952 4067 illorum
979 4018 1086 4076 vatum,
1114 4016 1166 4082 qui
1193 4019 1279 4068 artem

105 4102 187 4168 quasi
206 4095 413 4169 professionem
432 4107 460 4156 et
479 4107 629 4170 quaestum
648 4098 783 4156 colebant
801 4118 852 4171 per
870 4099 960 4157 multa
978 4099 1090 4158 saecula
1109 4109 1137 4158 et
1159 4098 1279 4159 formam
1388 4095 1394 4106 ⁴

104 4194 132 4242 et
162 4191 301 4244 rationem
330 4185 445 4245 dicendi
472 4208 489 4245 a
516 4187 683 4261 parentibus
709 4192 800 4245 sancti
828 4192 992 4260 patrimonii
1021 4194 1109 4247 instar
1138 4196 1280 4260 acceptam

104 4275 320 4334 conservabant.
359 4279 425 4334 Hoc
444 4281 595 4349 praecipue
614 4276 735 4348 quadrat
758 4282 854 4334 ineas
880 4276 916 4335 de
940 4278 1047 4349 quibus
1069 4283 1159 4336 acturi
1181 4297 1280 4336 sumus

105 4363 250 4422 formulas.
446 4365 452 4372 ”
