3092 5134
767 509 993 577 ..26-

297 688 464 792 probatur
495 729 549 784 eo,
584 701 684 792 quod
719 701 866 773 verbum
900 703 1009 784 λέγειν
1043 713 1175 791 praeter
1209 727 1336 791 paucas
1370 703 1472 773 inter·

297 809 492 899 polationes
531 808 591 895 (cf.
623 835 696 898 cap.
727 811 829 895 XIX)
868 810 905 879 in
942 807 1151 880 carminibus
1192 810 1388 880 Homericis
1426 808 1473 879 ad

297 919 470 990 orationes
494 915 708 988 inducendas
733 927 766 987 et
790 914 1133 1004 comprehendendas
1157 915 1274 987 locum
1296 941 1473 1005 nusquam

296 1022 416 1105 habet;
448 1035 483 1096 at
512 1022 608 1113 apud
639 1025 846 1112 posteriores
879 1034 913 1094 et
943 1013 1125 1112 praecipue
1157 1021 1253 1112 apud
1284 1024 1474 1112 prosaicos,

297 1133 359 1221 qui
391 1130 557 1204 adhibitis
588 1129 858 1220 pronominibus
893 1155 1026 1219 semper
1057 1128 1095 1200 id
1125 1129 1276 1201 indicare
1307 1140 1474 1219 spectant,

265 1321 267 1326 ι
297 1238 397 1328 quod
421 1240 577 1310 oratione
609 1239 823 1318 continetur,
853 1239 963 1321 λέγειν
986 1236 1132 1308 verbum
1164 1236 1279 1308 solum
1311 1235 1380 1307 fere
1412 1235 1475 1307 ada

296 1346 442 1416 mittitur
479 1356 513 1416 et
551 1371 593 1415 eo
632 1354 836 1433 perventum
874 1356 942 1425 est,
981 1354 1020 1414 ut
1053 1345 1193 1433 stirpem
1227 1371 1287 1429 φα·
1326 1345 1475 1414 omnino

296 1449 490 1540 expelleret.

386 1581 459 1648 Iam
482 1602 564 1652 vero
588 1578 707 1665 paucis
731 1574 1013 1648 adumbrandum
1036 1588 1097 1657 est,
1121 1587 1335 1665 quantopere
1359 1601 1475 1647 recena

297 1685 401 1757 tiores
425 1685 634 1755 mutaverint
656 1709 759 1755 usum
785 1685 1023 1755 Homericum.
1423 1766 1429 1778 ι
1530 1744 1531 1779 ζ

385 1812 437 1880 Ex
460 1809 579 1898 hymn.
597 1812 706 1880 Hom.
727 1811 796 1879 iam
812 1834 916 1898 supra
932 1810 1032 1880 citavi
1048 1810 1084 1879 in
1100 1812 1209 1879 Merc.
1226 1810 1290 1878 94:
1314 1809 1476 1874 τόσσον
1530 1796 1531 1875 l

295 1915 408 2003 pagi)
442 1915 597 2006 Accedit
612 1917 648 1986 in
664 1914 790 1986 eodem
807 1917 954 1987 carmine
971 1917 1025 2003 (in
1040 1917 1168 2002 Merc.)
1187 1917 1334 2001 313714:
1360 1913 1476 2003 αὐτάρ

295 2025 369 2091 ἐπεὶ
392 2023 444 2089 coi
469 2028 710 2091 ἕκαστα...
734 2024 887 2112 ἐρέεινον.
932 2027 972 2094 In
995 2021 1145 2094 batrach.
1163 2025 1221 2104 99,
1238 2024 1306 2093 122
1329 2022 1476 2113 legitur:
1530 2044 1531 2047 ’

295 2135 415 2198 ταῦτ’
439 2131 544 2198 εἰπών
568 2140 601 2200 et
624 2128 756 2201 ibidem
774 2131 834 2200 562
860 2130 944 2219 πρᾶς
967 2131 1061 2208 τάδε,
1086 2156 1160 2218 quo
1176 2129 1399 2201 confirmatur
1422 2128 1476 2210 id,

296 2237 396 2327 quod
420 2239 488 2309 iam
510 2239 598 2308 inter
629 2262 750 2308 omnes
782 2248 925 2318 constat,
956 2236 1023 2309 hoc
1055 2261 1189 2308 carmen
1221 2262 1297 2307 sero
1329 2234 1477 2308 demum

296 2356 411 2415 ortum
447 2370 535 2424 esse;
571 2369 651 2415 nam
686 2369 881 2433 pronomen
916 2333 1009 2422 οὗτος
1048 2342 1222 2415 eiusmodi
1259 2342 1345 2414 locis
1383 2345 1477 2414 inter

296 2463 433 2541 poetas,
445 2453 507 2541 qui
523 2477 575 2522 res
590 2463 702 2542 gestas
718 2462 865 2533 narrant,
885 2476 957 2521 non
974 2450 1175 2522 conceditur
1189 2451 1256 2521 nisi
1272 2477 1292 2521 a
1309 2449 1475 2532 Pindaro,

296 2557 523 2640 Callimacho,
536 2557 737 2638 Theocrito;
756 2556 815 2625 ὅδε
826 2584 900 2628 non
912 2570 989 2630 ante
1001 2556 1321 2630 Alexandrinorum
1333 2569 1476 2645 tempus

295 2665 497 2737 admittitur.

386 2789 555 2862 Pindarus
589 2792 689 2878 ponit
720 2790 780 2862 Ol.
804 2793 889 2861 XIII
924 2792 966 2861 71
1005 2816 1199 2879 pronomen
1229 2791 1334 2872 τόσα,·
1370 2789 1475 2878 Pyth.

296 2901 349 2968 IV
373 2895 482 2968 93l94
513 2908 546 2967 et
570 2896 669 2984 Pyth.
692 2901 782 2968 VIII
809 2894 915 2968 55156
943 2903 1085 2964 τοιαῦτα
1093 2928 1105 2979 ,·
1133 2896 1259 2968 lsthm.
1284 2900 1336 2967 VI
1361 2895 1477 2968 49l50

168 3036 170 3040 ·
295 3008 416 3074 ταῦτα.
453 3006 648 3074 Pronomen
663 3019 749 3082 τοῖος
764 3004 886 3093 Apoll.
904 3004 1019 3075 Rhod.
1036 3017 1086 3076 ter
1105 3002 1276 3085 adhibuit,
1300 3007 1476 3074 Musaeus

296 3109 361 3192 bis,
387 3113 542 3181 Nonnus
566 3112 716 3199 Dionys.
741 3109 802 3182 lib.
827 3115 913 3182 I-X
941 3112 1041 3182 lim.
1099 3109 1305 3182 Timotheus
1336 3135 1475 3180 novum
1528 3170 1529 3173 ,

296 3243 489 3307 pronomen
512 3219 628 3284 τοιάδε
651 3217 801 3299 induxit,
826 3217 1060 3290 Callimachus
1084 3208 1149 3285 ὦδε
1173 3220 1245 3304 (IV
1268 3219 1368 3303 274).

384 3340 605 3414 Adverbium
618 3339 644 3410 ιῗ
646 3369 661 3422 ς
673 3344 710 3413 in
722 3342 945 3414 conclusione
958 3343 1054 3433 apud
1067 3355 1187 3433 poetas
1203 3344 1320 3431 epicos
1337 3367 1477 3431 semper
1528 3360 1529 3455 y

296 3475 399 3521 suum
422 3449 539 3520 locum
563 3448 755 3521 obtinuisse
778 3449 926 3531 videtur,
954 3461 989 3521 at
1019 3449 1114 3540 apud
1146 3451 1319 3521 scaenicos
1350 3460 1476 3538 poetas

246 3649 249 3655 ι
296 3569 330 3628 et
352 3557 528 3646 prosaicos
552 3555 653 3646 plane
677 3559 818 3628 evanuit
841 3568 874 3628 et
897 3556 1165 3646 pronominibus
1189 3558 1297 3628 cessit.

386 3684 482 3753 Haec
507 3683 657 3772 attigisse
680 3707 735 3753 me
759 3684 932 3754 contineo.
973 3686 1013 3753 In
1030 3683 1178 3754 Homeri
1193 3683 1297 3772 igitur
1312 3679 1474 3770 partibus

295 3789 441 3860 noviciis
460 3789 529 3860 iam
544 3790 657 3877 posita
673 3801 724 3860 est
739 3788 838 3860 radix
855 3791 929 3860 eius
946 3789 1218 3870 consuetudinis,
1243 3813 1332 3878 quae
1349 3798 1476 3877 postea
1527 3854 1528 3861 ,

296 3895 340 3967 ad
365 3920 534 3966 summam
558 3893 788 3985 frequentiam
812 3897 965 3968 accrevit.
1527 3900 1528 3905 ’

296 4079 509 4086 ...--——-—.-.

387 4181 413 4262 1)
431 4181 515 4242 τόσσος
532 4186 563 4238 in
582 4180 672 4238 concl.
692 4201 755 4239 non
774 4190 863 4239 exstat
884 4186 940 4239 nisi
965 4180 1044 4254 apud
1069 4180 1232 4247 Ptndarum,
1258 4178 1476 4252 Bacchylidem,

296 4269 511 4337 Callimachum,
530 4269 721 4328 Theocritum.
757 4272 801 4327 Ex
819 4291 879 4342 quo
904 4268 1021 4328 fortasse
1046 4269 1190 4328 nonnulla
1215 4269 1251 4328 de
1277 4279 1366 4328 aetate
1392 4269 1477 4331 illius

295 4358 397 4432 hymni
413 4358 550 4418 concludi
569 4367 698 4432 possunt.
737 4361 871 4418 Ceterum
890 4363 1070 4432 participium
1089 4360 1138 4432 φάς
1154 4358 1286 4432 analogia
1305 4368 1387 4418 caret.
