3092 5134
775 502 998 572 ..34-

301 701 402 788 (epis.
426 699 470 770 de
486 699 655 779 Thersite,
678 699 791 784 recc.).
830 699 1022 786 ἐποτρύνων
1046 705 1090 764 Μ
1101 699 1170 768 441
1199 696 1478 785 (tichomachia)‚

304 815 335 872 Y
349 808 430 888 364,
456 808 543 886 373;
576 807 768 891 λισσόμενος
791 806 887 874 1146
912 806 961 890 (v.
985 802 1070 874 mihi
1093 803 1194 876 valde
1218 829 1324 893 susp,
1356 832 1479 895 quam*

300 938 405 1002 quam
423 911 512 984 Rob.
530 938 587 1002 pg.
605 914 675 984 329
700 937 780 982 eum
800 913 887 982 inter
901 913 1074 1001 genuinos
1089 923 1260 992 numerat;
1285 911 1478 1000 α’πειλήσας

303 1027 333 1085 Φ
354 1021 439 1100 161;
467 1020 604 1099 2111843
629 1021 796 1104 χωόμενος
818 1023 842 1096 β
863 1019 927 1098 80;
953 1019 1123 1106 πειράζων
1146 1019 1264 1098 ι281;
1289 1021 1478 1108 θαρσύνων

301 1154 328 1194 π
344 1128 435 1206 448;
460 1128 608 1213 οἰόμενος
631 1153 651 1210 χ
668 1127 749 1196 210.

391 1237 568 1321 Reputans
591 1231 730 1304 illorum
746 1231 904 1302 locorum
921 1243 1064 1302 aetatem
1081 1231 1170 1302 hanc
1187 1232 1479 1304 consuetudinem

300 1339 440 1411 dicendi
464 1341 596 1410 ionicae
620 1338 762 1409 demum
786 1339 848 1409 arti
872 1340 1041 1427 originem
1064 1337 1190 1409 debere
1214 1338 1400 1410 contendo.
1456 1403 1462 1419 ,

390 1450 473 1517 Post
497 1449 693 1516 Homerum
716 1444 802 1515 mihi
825 1445 930 1515 obvia
962 1443 1050 1516 facta
1080 1456 1161 1515 sunt
1190 1444 1273 1532 haec
1298 1448 1479 1535 participia

300 1578 378 1625 cum
402 1551 445 1631 τός
469 1555 556 1639 patro
580 1550 756 1641 copulata:

390 1663 522 1748 Hymn.
550 1661 586 1729 in
607 1658 728 1748 Apoll.
752 1661 840 1730 370:
864 1660 1086 1744 ἐπευχόμενος
1093 1690 1104 1741 ,·
1129 1658 1310 1748 ὀδυρομένη
1335 1662 1372 1729 in
1395 1663 1480 1732 Cer.

300 1769 388 1847 251;
435 1769 608 1855 λισσομένη
651 1769 688 1836 in
729 1768 809 1837 Cer.
850 1766 938 1846 325;
981 1765 1076 1855 apud
1117 1766 1188 1854 Ap.
1232 1765 1347 1837 Rhod.
1390 1766 1479 1856 legi:

300 1876 500 1964 πειρώμενος
517 1875 653 1953 116383
677 1875 899 1961 βεβολημένος
915 1876 965 1943 III
982 1874 1073 1953 432;
1105 1874 1273 1941 κυδαίνων
1293 1876 1344 1943 III
1365 1874 1479 1955 1008;

299 1983 512 2070 καταψήχων
543 1984 593 2051 III
630 1982 740 2062 1102;
777 1979 980 2058 ἀναζείουσα
1014 1983 1064 2051 ΙΧ
1097 1981 1184 2060 309;
1215 1983 1390 2069 λισσομένη
1422 1983 1480 2052 IV

304 2089 414 2168 1053;
454 2087 606 2178 denique
646 2087 785 2159 admisit
820 2091 873 2157 IV
913 2088 1004 2158 1277
1043 2086 1252 2158 adiectivum
1291 2088 1479 2175 δακρυόεις.
1528 2105 1530 2150 3

302 2198 374 2285 Qu.
412 2196 617 2283 Smyrnaeus
652 2193 726 2265 duo
761 2206 895 2265 tantum
930 2195 1107 2282 participia
1147 2193 1271 2265 adiecit
1302 2196 1479 2262 κωκύουσα
1528 2185 1530 2198 '

299 2304 332 2372 X
359 2303 447 2382 385;
479 2304 651 2390 μητιόωσα
676 2304 726 2371 III
752 2303 834 2382 655.
880 2299 992 2371 Vides
1023 2302 1283 2389 participiorum
1316 2299 1480 2391 frequena
1528 2321 1529 2378 ξ

299 2410 381 2479 tiam
406 2407 573 2497 gradatim
597 2398 790 2480 deciescere
821 2406 916 2496 apud
940 2408 1164 2495 posteriores;
1196 2406 1262 2478 hoc
1287 2406 1481 2500 explicatur

300 2541 361 2596 e0‚
395 2514 495 2604 quod
526 2515 631 2586 verba
663 2514 831 2603 simplicia
862 2513 1002 2584 dicendi
1036 2525 1117 2602 post
1140 2517 1336 2584 Homerum
1366 2519 1480 2604 magis
1528 2603 1529 2608 ἵ

300 2623 478 2711 magisque
496 2633 668 2692 cesserunt
684 2619 798 2692 verbis
815 2620 1041 2710 descriptivis,
1058 2646 1209 2710 quorum
1221 2623 1292 2691 vim
1305 2620 1479 2712 quodam,
1528 2643 1530 2656 ²

300 2727 409 2799 modo
432 2731 506 2817 ipsa
529 2729 634 2800 verba
650 2727 790 2799 dicendi
815 2727 937 2798 addito
961 2729 1143 2816 participio
1166 2727 1298 2799 firmata
1322 2742 1480 2801 assecuta
1528 2725 1530 2756 ÷

300 2847 403 2906 erant.
1146 2860 1149 2866 ·

753 3036 879 3156 Cap.
904 3037 1024 3134 VII.

442 3215 506 3282 De
530 3210 723 3282 formula
747 3236 837 3281 non
860 3210 1093 3281 decurtata
1118 3208 1167 3288 τός
1191 3209 1333 3295 ἔφατο.

389 3376 440 3442 Ex
472 3371 635 3443 omnibus
667 3371 846 3453 formulis,
881 3372 1011 3461 quibus
1045 3397 1107 3461 per
1137 3370 1348 3442 Homeridas
1383 3397 1478 3442 coma

300 3478 544 3567 prehenduntu
584 3506 624 3550 or
661 3481 757 3550 ‘ones
781 3479 944 3559 directae,
976 3477 1253 3568 frequentissima
1277 3489 1327 3548 est
1349 3477 1407 3548 illa
1431 3478 1477 3558 όός

36 3632 62 3678 r:
88 3628 130 3677 1,·
301 3585 405 3671 ἔφατ’,
438 3612 527 3675 quae
523 3490 671 3763 Jmi}
692 3597 909 3666 numeratum
940 3609 1074 3673 semper
1104 3584 1300 3656 decurtatur
1323 3589 1478 3673 exceptis

224 3680 227 3692 ¹
275 3691 461 3763 ‘undecim
483 3692 520 3764 lo
540 3695 580 3774 is,
605 3719 627 3782 q
655 3695 666 3762 i
690 3718 811 3763 omnes
827 3694 864 3762 in
880 3690 988 3762 Iliade
1004 3703 1148 3762 exstant.
1188 3695 1260 3762 Iam
1283 3690 1477 3774 videamus,

223 3788 239 3858 .'
300 3801 355 3869 cui
378 3802 478 3870 aetati
501 3799 685 3871 tribuenda
709 3800 753 3870 sit
776 3798 887 3870 forma
909 3824 982 3869 non
1006 3797 1180 3870 decurtata
1204 3796 1246 3876 ός
1271 3797 1382 3884 ἔφατο.

389 3907 500 3977 Semel
531 3918 640 3978 exstat
669 3909 706 3976 in
737 3905 898 3999 episodio
931 3904 975 3976 de
1004 3904 1221 3995 Sarpedone,
1252 3906 1398 3986 1154&
1430 3906 1478 3978 de

300 4015 397 4083 cuius
420 4015 546 4084 recenti
570 4014 701 4102 origine
727 4011 819 4083 conf.
844 4007 934 4082 Rob.
958 4037 1015 4101 pg.
1044 4013 1122 4083 100.

390 4122 531 4191 Restant
553 4119 672 4200 decem
688 4119 767 4200 loci,
792 4121 853 4209 qui
878 4157 911 4168 ·-
936 4131 1081 4208 excepto
1098 4144 1171 4189 uno
1190 4127 1221 4184 T
1238 4120 1316 4200 112,
1339 4118 1383 4189 de
1400 4145 1478 4208 quo

299 4224 443 4296 infra-
468 4226 618 4297 eundem
649 4226 801 4297 colorem
833 4225 985 4297 offerunt
1016 4238 1049 4297 et
1079 4224 1263 4296 manifesto
1287 4252 1330 4296 ex
1354 4225 1478 4299 eadem

299 4333 427 4404 fabrica
465 4345 720 4422 processerunt3
760 4358 895 4421 semper
930 4335 1022 4403 enim
1060 4335 1217 4423 sequitur
1255 4335 1478 4421 participium
