3092 5134
776 504 1002 575 -36-

393 697 646 786 Compluribus
670 697 714 769 de
739 701 849 769 causis
873 701 975 770 etiam
997 698 1035 769 hi
1057 699 1126 770 loci
1150 701 1299 789 suspecti
1324 711 1422 771 sunt:
1483 792 1485 795 Ι

302 813 337 870 A
364 806 493 891 136237
519 807 555 892 (a
578 813 614 871 X
635 807 717 893 90):
1402 821 1406 826 “

411 911 453 990 cte
476 914 521 978 τιό
545 940 581 996 γε
604 915 810 980 κλαίοντε
833 915 1068 1003 προσαυδήτην
1090 917 1240 1002 βασιλῆα

207 1035 210 1042 ’
304 1048 337 1107 et
362 1043 394 1103 a>
417 1037 542 1108 97l98:

410 1142 453 1223 ιδς
477 1143 545 1233 ἄρα
569 1170 626 1230 μιν
649 1146 815 1234 Πριάμοιο
840 1146 1013 1233 προσηύδα
1037 1147 1195 1232 φαίδιμος
1217 1147 1291 1224 αδδς

409 1253 667 1337 λισσόμενος
690 1252 851 1318 ἐπέεσσιν.

392 1377 496 1447 Plane
542 1375 751 1447 dissentiunt
804 1403 824 1447 a
868 1376 1002 1466 vulgari
1052 1403 1118 1448 usu
1167 1379 1356 1448 Homerico
1402 1377 1481 1451 duo

302 1482 484 1572 Odysseae
507 1482 575 1554 loci

170 1625 172 1630 ’
301 1593 408 1674 762:
434 1588 477 1669 o‘ir
502 1589 555 1679 ἄρ’
581 1589 684 1656 ἔπειτ’
707 1589 728 1678 η’
737 1595 789 1679 ροῖ
796 1617 841 1656 το
864 1601 921 1656 καῖ
945 1589 1031 1678 arira)
1057 1593 1173 1658 πάντα
1196 1593 1346 1668 τελεύτα,

302 1698 364 1768 ubi
396 1699 497 1768 etiarn
529 1695 732 1767 adverbium
765 1696 882 1764 ἔπειτα
915 1696 1130 1787 singulariter
1160 1697 1292 1770 dictum
1324 1709 1374 1769 est
1416 1699 1480 1785 (cf.

301 1829 358 1894 rs·
380 1806 441 1890 12)

301 1923 335 1982 et
359 1934 379 1977 σ
402 1913 524 1982 32l33:

462 2017 504 2097 o‘ir
528 2023 564 2084 οἳ
580 2025 642 2104 μὲν
667 2021 883 2108 προπάροιθε
905 2020 1049 2108 θυράων
1070 2018 1242 2107 ruptam

462 2124 564 2192 ον’δοῦ
586 2127 644 2193 ἐπὶ
669 2128 784 2201 ξεστοῦ
807 2127 1042 2212 πανθαμαδδν
1067 2125 1307 2216 ὀκριόωντο

302 2233 341 2318 (i.
354 2229 394 2302 e.
419 2230 532 2303 verbis
557 2232 740 2313 certabant,
763 2231 931 2322 litigaban
946 2235 973 2319 ).

389 2356 568 2428 Addenda
599 2369 680 2428 sunt
710 2341 886 2447 cogitandi
917 2356 1040 2439 verba,
1073 2384 1162 2447 quae
1193 2360 1416 2429 inveniuntur
1441 2361 1480 2430 in

300 2463 355 2534 his
370 2463 545 2535 formulis:
571 2462 614 2543 δς
630 2462 656 2531 δ’
664 2493 682 2554 ρ
691 2493 714 2551 μ
724 2492 822 2532 aare·
836 2477 957 2551 μένων,
982 2463 1081 2554 quod
1097 2463 1222 2554 legitur
1236 2467 1479 2536 recentissimis

300 2570 385 2642 locis
419 2578 450 2636 Φ
474 2573 522 2642 64
549 2583 582 2642 et
611 2580 648 2638 X
673 2573 751 2653 131,
783 2583 816 2642 et
847 2570 890 2650 ιδς
921 2570 989 2661 ἄρα
1022 2577 1051 2637 οἱ
1081 2584 1314 2661 φρονέοντι
1346 2600 1361 2638 ε
1391 2573 1479 2654 474,
1530 2634 1531 2673 ρ

301 2703 390 2767 quae
414 2676 563 2749 formula
586 2677 669 2750 alibi
691 2680 729 2749 in
751 2677 866 2749 media
889 2680 1082 2749 narratione
1111 2677 1171 2766 (cf.
1196 2705 1224 2748 e.
1248 2704 1281 2767 g.
1307 2682 1325 2757 ζ
1352 2679 1477 2765 14516)

301 2796 426 2866 exstat,
459 2785 519 2856 sed
551 2797 654 2874 poeta
685 2786 752 2856 sibi
783 2785 973 2857 libertatem
1005 2787 1207 2873 assumpsit,
1239 2796 1277 2855 ut
1308 2810 1383 2856 eam
1406 2785 1476 2858 sub

300 2893 465 2962 orationis
489 2891 677 2964 clausulam
701 2892 893 2964 collocaret.

388 3017 535 3088 Accedit
572 3044 641 3088 una
675 3016 842 3098 formula,
882 3044 971 3107 quae
1010 3027 1127 3088 contra
1165 3042 1268 3088 usum
1306 3019 1477 3089 sententia

300 3123 499 3195 secundaria
524 3123 721 3195 exhibetur:

405 3230 469 3309 εἷος
494 3231 513 3297 o‘
536 3237 643 3298 ταῦθ’
667 3229 813 3320 ὅρμαινε
836 3231 925 3298 κατα
949 3242 1055 3320 φρένα
1080 3241 1137 3296 καὶ
1161 3231 1248 3296 κατοὶ
1273 3232 1389 3317 θυμόν

298 3346 332 3402 Λ
354 3339 444 3419 411;
468 3347 497 3403 Ρ
522 3340 606 3419 106;
632 3346 659 3404 Σ
686 3340 746 3419 15;
771 3366 787 3404 ο
812 3338 893 3418 365,
916 3339 989 3408 424
1013 3348 1046 3408 et
1069 3337 1111 3408 al.

388 3465 632 3553 Frequentiora
664 3473 799 3534 exstant
828 3461 933 3533 verba
963 3461 1157 3552 imperandi
1188 3474 1221 3533 et
1251 3461 1477 3551 implorandi,
1530 3452 1531 3473 ³

298 3569 335 3640 id
368 3569 466 3660 quod
496 3596 569 3641 non
599 3571 724 3641 mirum
755 3568 903 3650 videtur,
940 3571 1108 3659 quoniam
1139 3570 1311 3640 orationes
1343 3568 1477 3658 quibus

299 3677 506 3766 supplicatio
530 3677 585 3748 vel
607 3676 809 3749 mandatum
834 3677 1038 3758 continetur,
1066 3701 1206 3765 magnas
1230 3688 1342 3765 partes
1365 3689 1478 3765 agunt

298 3787 334 3855 in
358 3785 565 3855 carminibus
589 3787 797 3856 Homericis.

386 3910 504 3981 Verba
528 3909 721 3999 imperandi
743 3910 967 3980 inveniuntur

297 4019 411 4107 1259
443 4019 478 4103 (s
509 4026 543 4082 A
574 4018 679 4103 790):
727 4015 770 4095 δς
805 4018 997 4083 ἐπέτελλ’
1029 4016 1048 4082 o‘
1083 4027 1188 4105 γέρων
1231 4018 1394 4105 (uterque
1426 4017 1477 4088 lo.

297 4239 341 4296 M
362 4126 507 4316 2717&ae
530 4230 632 4302 valde
656 4233 785 4319 susp.):

457 4338 499 4416 ὥς
522 4341 567 4404 τώ
591 4343 841 4427 γεπροβοαῖντε
863 4339 976 4425 μα’χην
999 4336 1143 4426 ὤτρυνον
1167 4337 1319 4422 Ἀχαιῶν.
