3092 5134
557 555 599 568 ..
646 519 692 588 25
743 557 781 567 ..

84 717 193 786 Β330
202 717 231 801 (ε
240 716 273 786 Ξ
278 716 324 785 48
335 715 492 800 εῒσ271)
505 715 542 784 in
554 712 698 785 Christii
711 713 864 799 editione
878 716 924 800 (a.
938 715 1048 800 1884)
1061 716 1108 785 sic
1121 713 1258 804 legitur:

481 836 586 898 κεῖνος
608 821 687 898 τοὶς
711 819 861 910 ἀγόρευε.

172 947 295 1016 Minus
307 945 461 1017 notabile
475 957 535 1026 est,
552 945 651 1035 quod
665 944 811 1016 verbum
824 944 998 1036 ἀγορεύειν
1010 948 1258 1018 accuratissime

80 1081 124 1154 ex
149 1062 180 1118 B
204 1055 273 1124 322
306 1054 488 1142 repetitum
520 1064 571 1123 est
606 1051 665 1138 (cf.
691 1055 793 1123 etiam
824 1078 897 1142 cap.
923 1055 1075 1139 XVIII),
1107 1065 1141 1125 at
1170 1054 1259 1125 illud

79 1155 147 1238 οἰός
170 1161 238 1230 iam
262 1161 489 1249 grammaticis
513 1161 665 1249 antiquis
694 1186 791 1230 curas
823 1162 1036 1249 provocavit,
1067 1187 1182 1251 neque
1214 1161 1259 1233 ad

79 1267 174 1338 hunc
206 1265 299 1337 diem
335 1278 478 1347 constat,
514 1265 601 1356 quid
633 1265 856 1337 scribendum
887 1269 939 1338 sit.
968 1271 1166 1340 'Incertum
1198 1282 1258 1350 est,

80 1386 198 1445 utrum
221 1372 441 1472 Aristarchus
465 1373 663 1463 praetulerit
685 1375 748 1452 τοὶς
772 1399 816 1444 an
838 1375 941 1452 τόσο,
968 1374 1193 1446 Herodianus
1226 1389 1259 1448 et

81 1507 161 1571 pars
174 1479 347 1551 'codicum
370 1478 475 1551 habet
498 1487 537 1546 θ’
554 1478 607 1558 ἀς,
632 1480 717 1551 aliae
734 1479 952 1551 membranae
970 1483 1001 1548 δ’
1017 1480 1060 1560 dc
1077 1484 1148 1553 sive
1164 1484 1257 1561 τόδε,

81 1589 136 1676 δή,
162 1589 209 1665 δέ,
233 1589 305 1653 τόο”
331 1588 394 1672 (sic
419 1577 671 1673 Monacensis).
719 1590 771 1658 Ex
796 1587 960 1659 omnibus
988 1614 1098 1659 unum
1129 1589 1257 1679 placet:

79 1696 184 1772 οόσά,
221 1693 258 1765 id
293 1693 393 1783 quod
432 1694 499 1764 iam
530 1693 749 1765 Aristarchus
790 1693 968 1781 (fortasse)
1010 1707 1043 1766 et
1082 1696 1258 1768 Bentleius

82 1801 289 1873 maluerunt.
330 1803 425 1872 Nam
447 1801 521 1880 τοὶς,
547 1800 646 1890 quod
671 1800 836 1890 equidem
860 1801 1257 1891 compertumhabeam,

80 1934 256 1999 nusquam
280 1911 425 1979 omnino
449 1918 530 1997 post
554 1909 746 1979 orationem
769 1909 902 1980 finitam
923 1908 1118 1991 adhibetur,
1142 1936 1257 2000 neque

80 2043 164 2087 vero
189 2015 276 2106 quid
301 2014 368 2086 sibi
391 2015 474 2086 velit
496 2025 577 2094 ,,τε“
593 2017 664 2086 sive
680 2017 765 2093 „di“
780 2015 840 2086 tali
856 2016 936 2087 loco
952 2016 1116 2107 intellego
1141 2043 1256 2108 neque

80 2123 118 2194 id
150 2149 306 2213 unquam
340 2121 436 2212 apud
473 2125 668 2193 Homerum
704 2134 737 2193 et
772 2125 942 2213 epigonos
977 2123 1055 2214 legi.
1110 2126 1161 2196 At
1195 2124 1258 2196 ubi

80 2232 216 2320 respexi
232 2256 303 2311 eos,
328 2231 390 2319 qui
414 2241 495 2319 post
512 2233 708 2300 Homerum
724 2232 873 2302 carmina
889 2229 1053 2312 fecerunt,
1078 2232 1257 2322 complura

81 2337 199 2408 detexi
230 2337 387 2426 exempla
410 2339 628 2426 pronominis
650 2339 765 2404 τόσσα.
816 2339 869 2408 Sic
901 2340 969 2409 iam
1000 2341 1037 2409 in
1067 2338 1187 2428 hymn,
1211 2339 1256 2412 ad

81 2448 191 2516 Merc.
216 2446 280 2515 94:
312 2447 450 2526 τόσσου,·
482 2444 635 2515 similiter
659 2446 840 2535 usurpavit
870 2445 1105 2518 Callimachus
1136 2446 1255 2535 hymn.

82 2550 650 2637 ν163εάμὲυτόσσέῐποῑσο.
709 2551 854 2642 Quibus
885 2555 1050 2642 cognitis,
1088 2556 1255 2643 quoniam

80 2684 201 2730 omnes
224 2671 291 2730 tres
315 2659 384 2729 loci
406 2668 438 2724 B
455 2661 535 2739 330,
559 2661 592 2730 Ξ
604 2660 663 2740 45,
687 2661 791 2730 σ271
821 2661 1124 2750 interpolationem
1150 2662 1254 2743 olent,

79 2792 153 2837 non
176 2765 309 2838 haesito
333 2765 496 2837 scribere:

90 2878 93 2883 ’
461 2889 565 2953 κεῖνος
587 2875 702 2940 τόσά
725 2873 876 2964 ἀγόρευε.

170 3000 204 3070 Si
228 2997 354 3069 horum
377 3024 551 3080 versuum,
579 3000 642 3089 qui
665 3002 875 3098 pronomine¹
903 3013 1078 3082 notantur,
1111 3012 1254 3074 aetatem

79 3117 223 3195 spectas,
248 3131 368 3177 omnes
391 3101 585 3194 recentibus
609 3104 826 3196 temporibus
851 3119 945 3179 ortos
969 3134 1042 3179 esse
1065 3107 1174 3179 vides,
1253 3184 1260 3202 s

167 3229 365 3302 Addendae
390 3243 470 3302 sunt
494 3229 680 3302 formulae:

368 3355 489 3445 Αάτάρ
512 3357 586 3423 ἐπεὶ
610 3358 657 3422 τό
680 3364 712 3439 γ’
728 3355 849 3424 ἀκουσε
867 3413 874 3428 .
893 3414 900 3428 .
919 3414 926 3428 .

312 3473 345 3533 et
368 3461 432 3540 εἷος
457 3461 477 3529 ό
499 3461 799 3553 ταῦθ’όόρμαιυε
817 3518 954 3536 ......

168 3589 333 3677 Denique
358 3587 402 3658 de
426 3615 465 3659 ea
495 3587 655 3670 formula,
688 3615 757 3680 qua
791 3594 968 3662 Homerus
996 3603 1110 3663 totum
1141 3592 1252 3665 divers

78 3693 185 3766 bium·
202 3694 383 3783 complecti
408 3695 512 3767 solet:

253 3801 296 3880 οἳς
320 3806 356 3868 οἳ
372 3810 434 3888 μὲν
457 3809 599 3872 τοιαῦτα
624 3806 708 3892 πρός
734 3804 897 3893 ἀλλήλους
922 3806 1087 3896 ἀγόρευον,

78 3910 221 3998 proprio
245 3911 354 3997 capite
378 3908 490 3980 fusius
514 3909 766 3999 disputandum
791 3924 851 3983 est.

167 4037 250 4124 Legi
279 4034 467 4123 respondet
497 4037 643 4126 simplex
675 4037 879 4110 adverbium
909 4037 962 4120 ric,
998 4067 1041 4112 ex
1075 4069 1149 4132 quo
1185 4069 1251 4114 usu

77 4140 248 4232 loquendi
285 4141 361 4213 luce
400 4142 522 4214 clarius
558 4155 708 4233 apparet,
747 4158 961 4236 quantopere
997 4150 1174 4220 Homerus
1212 4147 1250 4219 id

77 4250 288 4337 spectaverit,
324 4260 363 4319 ut
397 4249 512 4321 solum
547 4252 743 4322 orationum
779 4252 963 4325 exordium
998 4266 1032 4325 et
1062 4254 1250 4327 clausulam

76 4367 220 4438 notaret,
245 4367 279 4427 at
300 4381 485 4446 nusquam,
517 4357 627 4447 quid
658 4360 695 4429 in
727 4361 882 4431 oratione
914 4362 1006 4433 insit.
1053 4365 1134 4433 Hoc
1158 4352 1250 4433 coms
