3092 5134
577 530 805 599 ..19-

418 673 425 704 l

195 725 354 796 Similiter
382 723 599 796 »schluchzte
624 752 691 807 er«,
715 724 867 796 »seufzte
891 751 958 795 er«.
1006 723 1073 796 Sed
1097 723 1179 794 haec
1203 749 1276 794 non

104 834 195 904 satis.
236 830 366 903 Eadem
381 833 513 902 ratione
530 834 631 903 etiam
653 832 729 904 illas
745 831 922 914 formulas,
947 858 1036 921 quae
1060 829 1276 902 orationibus

102 940 270 1029 postponi
305 938 417 1010 solent
448 978 481 989 -
514 941 626 1029 agitur
659 966 751 1010 nunc
787 941 970 1030 praecipue
1005 937 1049 1009 de
1085 940 1145 1018 iis,
1184 963 1275 1027 quae

103 1046 305 1118 describunt
325 1057 461 1136 gestum
485 1048 648 1127 oratoris,
684 1073 757 1136 quo
782 1048 1004 1136 prosequitur
1027 1047 1219 1117 orationem
1242 1083 1276 1094 -

104 1180 269 1244 usurpare
292 1179 365 1224 non
388 1165 557 1226 verentur.
597 1156 648 1223 Ex
672 1156 805 1225 usitatis
822 1154 1014 1224 sententiis:
1039 1178 1097 1223 »er
1117 1151 1277 1243 stampfte

103 1263 167 1331 mit
187 1259 268 1331 dem
292 1264 410 1341 Fuss«,
434 1285 492 1330 »er
514 1258 641 1331 blickte
665 1261 726 1331 ihn
750 1258 943 1331 belremdet
965 1286 1041 1341 an«,
1065 1262 1136 1331 »sie
1157 1258 1278 1350 schlug

104 1367 265 1441 entziickt
287 1369 324 1437 in
347 1368 404 1437 die
429 1366 580 1438 Hinde«
603 1368 686 1439 tales
710 1367 801 1439 fiunt
824 1379 876 1437 ut:
900 1392 956 1429 »-
981 1365 1141 1455 stampfte
1165 1393 1201 1437 er
1216 1367 1278 1436 mit

103 1474 184 1546 dem
209 1478 326 1556 Fuss«,
350 1500 407 1538 »-
431 1473 558 1546 blickte
582 1502 618 1545 er
641 1475 702 1545 ihn
725 1473 977 1545 belremdetan
993 1500 1060 1555 -e,
1085 1499 1140 1536 s-
1157 1472 1279 1562 schlug

104 1584 153 1654 sie
177 1580 338 1652 entz'uckt
360 1583 397 1653 in
420 1580 477 1652 die
503 1581 631 1653 Hinde
655 1607 722 1652 -«.
747 1584 822 1652 sim.
864 1580 970 1652 Unde
994 1593 1145 1670 apparet,
1170 1606 1277 1670 quana

103 1701 223 1778 topere
246 1700 414 1760 nostrates
437 1688 604 1761 illustrare
620 1688 801 1779 dialogum
818 1688 991 1778 simulque
1009 1687 1278 1778 quamplurima

104 1799 141 1866 in
164 1822 289 1885 paucas
312 1821 415 1867 voces
440 1798 664 1885 comprimere
688 1795 858 1868 studeant.
907 1794 974 1867 Sed
1000 1794 1082 1866 haec
1107 1793 1278 1885 cupiditas

104 1903 149 1975 ad
173 1929 348 1974 summum
365 1914 463 1974 aucta
479 1901 564 1973 abiit
578 1905 616 1973 in
631 1905 788 1992 ineptias.
825 1905 964 1993 Nempe
979 1913 1072 1973 tanta
1091 1903 1278 1972 temeritate

104 2010 171 2082 hoc
202 2037 325 2101 genere
349 2010 489 2082 dicendi
515 2012 695 2099 scriptores
722 2012 832 2081 nostri
862 2021 1007 2081 utuntur
1038 2010 1278 2098 -praecipue

104 2119 140 2198 ii,
165 2121 226 2208 qui
246 2121 282 2189 in
298 2123 380 2191 actis
396 2120 530 2193 diurnis
555 2148 590 2192 se
607 2119 760 2191 offerunt
784 2157 817 2168 -
841 2129 880 2188 ut
895 2115 1010 2198 verba,
1032 2142 1121 2206 quae
1139 2114 1278 2186 brevem

103 2236 238 2296 tantum
261 2239 396 2316 gestum
420 2228 623 2318 significant,
648 2229 735 2297 sicut
758 2223 994 2305 »autlachen«,
1022 2222 1278 2303 »aufseufzen«,
1320 2241 1323 2253 ·

105 2358 184 2403 cum
202 2331 330 2404 talibus
347 2333 563 2406 orationibus
580 2336 803 2423 coniungant,
828 2358 976 2421 quarum
999 2328 1186 2420 longitudo
1206 2354 1279 2399 non

105 2442 265 2529 congruit
298 2465 377 2511 cum
414 2453 531 2530 gestus
570 2440 779 2526 brevitate1)
825 2440 980 2509 Auctum
1019 2439 1123 2526 igitur
1158 2449 1208 2507 est
1241 2434 1279 2507 id

104 2545 278 2628 studium,
310 2549 408 2618 cuius
432 2547 598 2618 elementa
628 2550 697 2618 iam
720 2545 817 2638 apud
842 2543 1052 2616 Homeridas
1076 2546 1279 2615 recentiores

104 2655 276 2725 nascentia
310 2655 480 2735 videmus,
526 2681 638 2745 usque
684 2653 729 2725 ad
775 2652 960 2724 ridiculum
1007 2664 1040 2722 et
1077 2649 1278 2722 absurdum.

106 2763 362 2851 Buenningsius
386 2761 460 2832 illas
476 2761 653 2842 formulas,
678 2788 764 2851 quas
781 2762 892 2842 citavi,
917 2785 1037 2830 omnes
1060 2757 1279 2829 inductiones

104 2869 319 2957 nuncupavit
342 2880 376 2939 et
397 2880 575 2958 tamquam
597 2867 818 2939 inductiones
841 2868 1039 2953 tractavit.²)

195 2995 296 3082 Quae
333 3019 411 3063 cum
445 2995 492 3064 ita
526 2995 604 3074 sint,
635 2995 694 3064 vix
726 2991 948 3083 oppugnabis
980 2990 1065 3061 mihi
1096 2990 1280 3062 affirmanti

103 3099 178 3170 illas
196 3126 284 3189 quas
299 3102 439 3172 tractavi
456 3102 639 3171 sententias
656 3111 695 3171 ut
711 3127 752 3170 ex
769 3097 1033 3170 inductionibus
1057 3100 1103 3169 ita
1120 3100 1221 3168 etiam
1237 3125 1279 3168 ex

104 3206 486 3278 conclusionibus
517 3209 715 3279 orationum
746 3219 837 3278 ortas
869 3233 941 3277 esse
973 3217 1006 3276 et
1041 3207 1280 3276 commixtioni

106 3312 244 3384 cuidam
267 3313 389 3384 harum
413 3313 641 3386 formularum
664 3315 833 3404 originem
856 3312 993 3384 debere.

195 3420 262 3492 Sed
286 3420 339 3492 his
364 3423 551 3503 sententiis,
577 3447 665 3511 quae
696 3421 873 3511 loquentis
908 3431 1043 3510 gestum
1074 3419 1279 3509 depingunt,

105 3527 295 3599 observatis
330 3527 487 3598 deducor
525 3527 569 3599 ad
604 3527 700 3600 aliud
735 3554 845 3618 genus
880 3526 1030 3609 dicendi,
1066 3525 1165 3616 quod
1201 3552 1279 3597 meo

106 3632 250 3724 quidem
273 3634 404 3706 iudicio
430 3634 550 3706 eadem
573 3637 706 3706 ratione
730 3647 845 3707 ortum
869 3646 929 3706 est.

196 3850 223 3920 l)
242 3851 282 3906 Ex
302 3848 404 3908 eodem
423 3854 589 3907 variationis
608 3859 636 3907 et
654 3849 801 3907 brevitatis
819 3847 917 3907 studio
937 3857 1015 3906 ortae
1037 3856 1105 3905 sunt
1123 3853 1280 3905 sententiae

105 3939 217 4010 quales:
248 3938 393 3998 »dieselbe
418 3938 598 4014 weinuerliche
624 3941 767 4006 stimme«,
799 3937 883 3996 »tiele
909 3937 1015 4004 stille«,
1046 3942 1112 3995 »ein
1138 3935 1279 4002 Seulzer«,

104 4027 300 4087 »schellendes
320 4027 489 4087 Gelachter«
507 4038 567 4096 etc,
594 4049 667 4100 quae
686 4026 758 4086 mihi
777 4048 887 4100 semper
910 4032 941 4084 in
961 4031 1126 4084 memoriam
1145 4035 1281 4084 revocant

104 4126 188 4176 notas
206 4117 388 4190 marginales,
417 4137 488 4190 quas
515 4126 617 4191 poetae
645 4123 766 4176 scaenici
794 4123 826 4175 in
856 4116 1029 4175 histrionum
1058 4136 1143 4173 usum
1170 4114 1280 4173 adicere

104 4207 206 4265 solent.
245 4206 300 4266 Sed
320 4207 391 4265 nolo
411 4207 516 4279 longus
535 4228 594 4266 esse
613 4213 644 4265 in
664 4207 748 4265 rebus
767 4213 834 4264 satis
852 4212 937 4264 notis.

194 4297 223 4366 2)
242 4298 426 4368 Quamquam
445 4302 476 4354 in
489 4296 677 4356 adnotatione
697 4295 733 4354 ad
747 4317 793 4368 pg.
806 4299 823 4353 8
835 4316 893 4367 seq.
913 4295 1057 4352 nonnulla
1069 4295 1187 4367 scripsit,
1207 4313 1280 4365 quae

105 4406 183 4443 meae
202 4391 359 4444 sententiae
378 4384 500 4445 faveant.
773 4380 776 4387 ’

1089 4497 1120 4553 Ζὶ
