3092 5134
754 503 965 569 -4..

275 697 388 776 statui,
411 693 524 765 multo
546 696 712 766 maiorem
735 697 807 766 veri
831 694 1092 766 similitudinem
1112 694 1257 786 adipisci
1276 695 1361 766 mihi
1377 721 1449 766 non

275 800 429 891 negabis.

366 937 400 1007 si
423 935 594 1026 recolligis
619 935 848 1027 frequentiam
871 922 1074 1007 immensam
1097 939 1239 1008 istarum
1263 963 1350 1029 quas
1367 949 1471 1008 traca.

274 1045 378 1112 taturi
401 1069 521 1114 sumus
545 1042 783 1125 formularum,
807 1070 880 1113 non
903 1046 1028 1114 mirum
1051 1042 1116 1114 tibi
1139 1042 1325 1125 videbitur,
1351 1043 1449 1134 quod

274 1151 343 1220 iam
366 1149 410 1220 ab
434 1152 585 1240 antiquis
611 1153 788 1221 Homerus
812 1153 929 1221 irrisus
953 1162 1004 1221 est
1024 1162 1165 1240 propter
1181 1150 1256 1222 illas
1272 1149 1448 1232 formulas,

275 1255 405 1345 quibus
434 1259 574 1347 copiose
597 1259 735 1328 initium
759 1269 793 1328 et
815 1256 925 1328 finem
948 1259 1145 1329 orationum
1169 1270 1322 1329 exornat.
1369 1261 1448 1328 Pon

274 1362 419 1452 phyrius
454 1363 549 1454 apud
585 1363 791 1445 Eusebium,
827 1390 943 1455 praep.
973 1391 1092 1454 evang.
1120 1367 1163 1434 X.
1193 1365 1225 1445 3,
1265 1366 1448 1434 memoriae
1525 1368 1527 1447 f

273 1469 377 1540 tradit
394 1497 413 1540 a
429 1473 585 1552 Cratino
610 1484 713 1561 poeta
738 1473 882 1552 comico,
908 1474 1104 1542 Homerum
1120 1470 1275 1542 ludibrio
1291 1470 1448 1542 habitum

274 1603 347 1646 esse
371 1589 512 1666 propter
534 1576 765 1668 frequentiam
788 1578 924 1649 illarum
946 1577 1191 1649 formularum:
1219 1579 1267 1644 To*
1288 1578 1448 1667 γοὶρ,,τδν

274 1685 305 1750 d’
329 1681 604 1770 οἷπαμεοβόμενος
637 1697 783 1775 προσέφη
820 1697 937 1774 κρείων
965 1687 1145 1774 Διομήδηςί
1178 1691 1276 1767 σιγῶ,
1312 1684 1458 1774 Ὁμήρου-

273 1791 536 1880 κωμῳὸηθέννος
560 1791 631 1859 dno*
657 1801 822 1881 Κρατίνου
848 1793 905 1858 dod
927 1792 966 1858 vd
985 1795 1172 1860 πλεονάσαι
1194 1794 1231 1860 ἐν
1252 1798 1300 1882 τῷ
1321 1793 1393 1870 ,νον
1418 1794 1448 1858 δ’

273 1896 559 1984 α’παμειβόμενος.
609 1901 662 1970 Sic
693 1898 768 1981 ille,
800 1926 915 1992 neque
943 1898 1051 1970 hodie
1083 1898 1226 1981 desunt,
1259 1901 1320 1990 qui
1355 1898 1447 1969 idem

273 2003 436 2075 irrideant
470 2017 504 2076 et
537 2007 722 2096 increpent.
780 2005 847 2078 Sed
878 2019 1036 2078 nostrum
1066 2032 1139 2077 non
1171 2019 1221 2078 est
1243 2009 1446 2096 vituperare,

273 2113 382 2182 immo
405 2139 488 2184 vero
513 2115 629 2184 omnia
653 2112 812 2184 funditus
834 2113 1030 2203 intellegere
1055 2126 1088 2184 et
1111 2112 1290 2204 explicare.

364 2265 417 2335 Sic
442 2266 550 2335 oritur
572 2267 681 2354 prima
711 2267 881 2356 quaesti0,
914 2292 1003 2355 quae
1034 2264 1138 2335 nobis
1169 2264 1337 2358 solvenda
1353 2267 1445 2337 erit:

274 2396 358 2459 qua
381 2370 433 2441 de
458 2398 586 2442 causa
610 2383 754 2463 etquo
781 2373 979 2444 consilio
1002 2374 1446 2462 posueritHomerus

272 2476 377 2547 illas
400 2477 693 2562 inductiones
718 2492 758 2550 et
782 2479 1131 2570 conclusiones·
1159 2482 1246 2549 Non
1269 2506 1379 2569 pauca
1402 2478 1446 2550 ad

273 2582 365 2655 hunc
390 2611 493 2655 usum
517 2585 762 2674 explicandum
785 2588 854 2656 iam
878 2586 975 2658 God.
994 2589 1215 2656 Hermannus
1239 2586 1386 2657 contulit
1409 2588 1445 2656 in
1525 2654 1527 2675 ,

272 2693 565 2780 praestantissimo
605 2717 708 2782 opere
739 2719 842 2782 supra
873 2695 978 2784 pg.2
1011 2695 1123 2764 citato
1171 2695 1222 2762 Ex
1254 2719 1328 2782 quo
1358 2718 1445 2762 nona
1525 2694 1526 2697 ’

272 2796 367 2868 nulla
390 2797 576 2888 repetenda
600 2810 709 2880 erunt,
734 2798 799 2870 alia
823 2799 983 2890 supplere
1008 2799 1170 2870 conabor.
1525 2786 1526 2803 ἵ

361 2941 412 3011 At
423 2967 534 3011 unum
547 2941 845 3030 praemonendum
857 2954 917 3013 est.
942 2945 1038 3014 Cave
1051 2969 1094 3014 ne
1107 2945 1269 3033 antiquae
1282 2942 1444 3013 dictionis

272 3071 467 3119 mensuram
502 3047 604 3119 facias
640 3048 684 3119 ad
719 3051 883 3119 amussim
918 3049 1107 3121 hodiernae
1142 3049 1305 3120 cultioris.
1353 3051 1445 3120 Dico
1525 3118 1526 3149 ζ

273 3154 437 3236 cultioris,
472 3181 552 3225 nam
582 3181 648 3225 nos
683 3154 900 3226 abundanter
935 3158 1064 3227 utimur
1099 3159 1254 3227 oratione
1289 3155 1445 3246 obliqua,

273 3286 379 3350 quam
403 3264 562 3331 Homero
585 3264 644 3333 vix
668 3273 788 3332 notam
811 3261 917 3334 fuisse
941 3265 977 3333 in
1001 3264 1188 3353 propatulo
1212 3275 1271 3333 est.
1321 3262 1388 3334 Sed
1417 3265 1446 3332 si
1525 3272 1527 3292 .

273 3370 420 3439 Homeri
444 3367 632 3439 dictionem
649 3395 727 3440 cum
742 3368 921 3440 hodiernis
938 3396 1133 3460 comparare
1149 3372 1213 3451 vis,
1237 3369 1444 3440 descendere

272 3473 379 3546 debes
407 3474 451 3546 ad
483 3502 610 3565 pueros
643 3488 675 3547 et
707 3475 751 3546 ad
783 3475 922 3566 plebem
952 3476 1075 3548 rudem
1106 3479 1246 3557 artium;
1280 3479 1342 3567 qui
1372 3503 1445 3546 non

271 3582 367 3653 aliter
390 3593 494 3672 atque
512 3586 689 3654 Homerus
712 3582 756 3654 de
781 3585 936 3655 oratione
960 3583 1078 3655 habita
1101 3584 1164 3656 vel·
1180 3583 1298 3654 audita
1321 3583 1445 3655 iisdem

270 3689 395 3771 verbis,
419 3692 441 3759 i.
458 3717 486 3760 e.
512 3691 667 3760 oratione
691 3689 829 3771 directa,
857 3690 980 3761 referre
1004 3690 1126 3763 solent.
1173 3694 1216 3762 Et
1239 3693 1267 3761 si
1291 3693 1445 3761 animum
1509 3742 1511 3749 ,

271 3795 459 3877 induxeris,
483 3798 630 3887 reperies
647 3796 785 3869 easdem
802 3801 873 3869 sive
890 3798 1017 3869 similes
1034 3797 1205 3869 formulas
1216 3797 1261 3869 ad
1278 3799 1444 3868 orationis

271 3901 454 3973 exordium
470 3916 503 3974 et
518 3903 624 3975 finem
640 3903 927 3994 distinguendum
943 3907 985 3976 iis
1001 3905 1183 3976 familiares
1200 3931 1283 3976 esse.
1317 3909 1442 3975 Rerum

270 4021 391 4081 natura
415 4009 517 4081 datur
541 4038 601 4083 eos
625 4037 783 4102 spernere
806 4011 993 4084 verborum
1017 4015 1153 4101 copiam
1181 4025 1214 4083 et
1244 4014 1445 4102 gravitatem

271 4128 303 4187 et
334 4129 494 4188 ornatum
526 4120 764 4190 Homericum.
810 4120 860 4190 At
894 4119 1086 4209 nunquam,
1122 4118 1184 4189 ubi
1218 4121 1361 4189 nuntius
1394 4145 1444 4199 ea,

270 4250 360 4314 quae
399 4226 430 4295 ei
468 4224 629 4296 mandata
664 4238 758 4307 sunt,
798 4228 1014 4316 pronuntiat,
1049 4227 1240 4297 intermittit
1274 4237 1372 4297 antea
1411 4237 1445 4296 et

255 4343 390 4420 postea
435 4358 592 4428 monere:
645 4332 749 4404 »haec
796 4333 881 4403 mihi
920 4332 1097 4405 mandavit
1129 4360 1259 4426 ...s
1311 4335 1443 4405 festive
