3092 5134
727 498 950 567 ..60-

254 691 351 763 modi
375 692 541 763 formulas
572 719 680 765 novas
712 719 785 763 esse
808 694 868 763 vix
899 691 1054 782 negabis.
1102 695 1136 763 Si
1160 692 1238 764 licet
1262 719 1322 783 per
1345 696 1427 765 imas

253 803 368 890 ginem
392 799 436 872 de
461 802 649 871 carminum
666 803 775 871 Hom'.
792 799 937 871 diversis
960 799 1116 888 partibus
1141 804 1240 891 quasi
1264 800 1308 873 de
1328 801 1428 872 tabu*

252 907 329 978 latis
353 906 476 988 dicere,
501 934 566 997 ego
590 906 849 988 affirmaierim,
885 933 1097 997 quamquam
1128 911 1236 998 magis
1268 908 1429 981 divinans

254 1041 359 1104 quam
391 1017 488 1085 certis
521 1018 729 1105 argumentis
759 1017 873 1095 nisus,
904 1014 972 1085 hac
999 1013 1148 1085 formula
1180 1014 1283 1086 nobis
1311 1043 1428 1087 recens

254 1120 435 1211 quoddam
450 1121 644 1193 tabulatum
659 1124 913 1212 repraesentari,
934 1147 1058 1211 nempe
1074 1122 1279 1212 plerumque
1295 1125 1426 1194 mentio

132 1252 133 1256 ’
253 1229 292 1298 fit
316 1227 445 1299 ducum
469 1231 540 1300 sive
565 1231 779 1300 Graecorum
804 1230 874 1300 sive
899 1230 1127 1300 Cretensium·
1146 1231 1218 1301 sive
1243 1232 1427 1318 Lyciorum

253 1338 298 1422 (e.
323 1363 355 1426 g.
381 1334 618 1425 Sarpedonis).
665 1334 707 1406 cf.
733 1345 766 1401 N
789 1337 876 1406 3ll:

357 1444 418 1509 τὸν
443 1445 473 1509 δ’
499 1435 571 1510 αὖτ’
597 1443 774 1526 Ἰδομενεύς
799 1449 935 1529 Κρητῶν
960 1442 1043 1526 οἷγός
1068 1442 1183 1510 αἀτίον
1206 1441 1305 1530 ηὔδα.

253 1554 293 1620 ln
309 1548 471 1638 Odyssea
493 1549 581 1620 hanc
605 1549 790 1621 formulam
814 1553 947 1639 repperi
966 1552 1068 1632 59⁰³,
1092 1562 1196 1640 atque
1219 1550 1269 1621 ibi
1292 1551 1426 1642 longe

251 1656 397 1744 plurime
421 1659 457 1727 in
480 1655 576 1727 libris
601 1659 681 1723 ὀι-δ
705 1668 738 1727 et
762 1685 843 1745 ο-ρ,
867 1659 888 1726 i.
913 1683 941 1727 e.
968 1659 1004 1727 in
1027 1659 1069 1727 iis
1093 1657 1311 1739 carminibus,
1336 1685 1426 1748 quae

251 1762 447 1834 Telemachi
470 1790 523 1834 res
546 1776 658 1853 gestas
682 1765 869 1834 continent.
910 1767 1010 1833 Num
1033 1763 1070 1834 id
1095 1791 1175 1835 casu
1199 1764 1328 1836 factum
1353 1792 1425 1836 esse

252 1869 458 1941 credamus?
494 1871 601 1959 Saepe
626 1873 727 1941 etiam
751 1869 796 1941 ad
813 1872 985 1941 orationes
1009 1870 1223 1942 inducendas
1241 1871 1425 1943 adhibetur

251 1976 294 2048 ab
320 1976 522 2048 Homeridis
547 1977 692 2066 simplex
716 1977 862 2049 verbum
884 1976 972 2065 ηὔδα
998 1980 1221 2049 coniunctum
1249 2006 1327 2050 cum
1352 2005 1424 2069 pars

249 2085 369 2172 ticipio
394 2083 549 2174 quodam
573 2097 606 2155 et
629 2111 708 2155 cum
729 2084 947 2156 substantivo
963 2083 1053 2164 ἔπος,
1077 2088 1123 2156 ita
1147 2098 1186 2156 ut
1208 2086 1361 2177 legamus

410 2202 468 2258 καὶ
492 2191 668 2277 εὐχόμενος
693 2190 771 2270 ἔπος
795 2190 883 2279 ηὔδα
909 2195 984 2262 sim.

251 2302 498 2388 Frequentatur
529 2325 672 2389 quoque
704 2298 816 2369 forma
847 2302 1030 2387 προσηύδα,
1070 2302 1253 2388 praecipue
1285 2303 1320 2370 in
1356 2300 1423 2371 fora

250 2405 343 2476 mula
367 2405 481 2477 stabili
1382 2434 1385 2437 ·

410 2512 494 2579 ἔπεα
521 2513 705 2601 πταρόεντα
731 2515 914 2601 προσηύδα.

251 2624 380 2690 Recens
405 2632 455 2690 est
478 2623 711 2712 compositum
733 2622 904 2708 μετηύδα
929 2620 966 2691 id
991 2621 1090 2711 quod
1115 2623 1151 2690 in
1175 2647 1247 2710 cap.
1272 2625 1339 2692 Xll
1365 2620 1421 2692 det

250 2729 525 2798 monstravimus.
793 2799 797 2806 ,

338 2836 479 2905 Etiamsi
510 2846 590 2923 post
614 2838 810 2906 Homerum
833 2834 939 2906 huius
961 2835 1058 2906 verbi
1083 2837 1226 2925 eiusque
1250 2838 1421 2925 composia

248 2953 364 3011 torum
387 2941 579 3031 frequentia
610 2945 794 3023 minuitur,
826 2954 940 3013 tamen
971 2945 1029 3012 vix
1061 2969 1170 3013 unum
1197 2954 1336 3032 poetam
1367 2942 1421 3014 vel

248 3051 444 3136 prosaicum
468 3051 637 3120 inveneris
662 3051 724 3139 qui
747 3048 785 3119 id
809 3062 957 3139 respuat.

671 3462 797 3584 cap.
832 3465 1001 3560 xxn.

551 3638 615 3706 De
639 3639 885 3727 participio
910 3640 1107 3724 φάμενος.

337 3799 415 3868 Sine
439 3796 552 3867 dubio
576 3799 692 3887 partic.
716 3801 863 3882 φάμενος
887 3825 963 3869 sero
987 3799 1129 3870 demum
1145 3803 1181 3870 in
1197 3826 1300 3870 usum
1315 3803 1421 3881 venit,

246 3929 326 3975 narn
350 3930 470 3975 omnes
493 3903 561 3976 loci
585 3903 647 3974 ubi
670 3907 844 3976 invenitur
867 3908 1089 3977 recentissimi
1112 3919 1210 3978 sunt:
1290 3974 1293 3980 .

246 4021 276 4077 Ε
291 4013 372 4092 290,
397 4013 484 4091 835;
508 4019 544 4077 Χ
558 4013 640 4092 247,
660 4013 733 4081 460
742 4043 753 4092 ,·
777 4039 796 4077 κ
811 4014 901 4092 446;
926 4015 944 4078 λ
966 4014 1034 4084 150
1050 4012 1208 4100 (additur
1225 4013 1421 4085 subiectum

247 4120 377 4208 ψοχή),·
401 4141 422 4184 σ
443 4120 529 4199 206;
555 4130 585 4206 ψ
609 4120 666 4198 85,
690 4120 773 4189 429.
1290 4113 1293 4121 ⁸

306 4267 309 4272 ·
336 4229 418 4296 Post
442 4228 637 4296 Homerum
668 4224 862 4314 frequentia
892 4225 997 4297 huius
1029 4226 1159 4299 formae
1189 4227 1290 4299 valde
1322 4239 1421 4299 aucta

246 4344 306 4404 est.
329 4331 441 4422 Apud
463 4333 535 4421 Ap.
561 4330 740 4403 Rhodium
772 4331 916 4421 quidem
947 4334 1052 4405 semel
1081 4346 1215 4406 tantum
1247 4339 1297 4423 (ll
1330 4336 1419 4420 291)
