<?xml version="1.0" encoding="UTF-8"?>
<!DOCTYPE html PUBLIC "-//W3C//DTD XHTML 1.0 Transitional//EN"
    "http://www.w3.org/TR/xhtml1/DTD/xhtml1-transitional.dtd">
<html xmlns="http://www.w3.org/1999/xhtml" xml:lang="en" lang="en">
 <head>
  <title>
</title>
<meta http-equiv="Content-Type" content="text/html;charset=utf-8" />
  <meta name='ocr-system' content='tesseract 3.04.00' />
  <meta name='ocr-capabilities' content='ocr_page ocr_carea ocr_par ocr_line ocrx_word'/>
</head>
<body>
  <div class='ocr_page' id='page_1' title='image "./deiliadisetodys00berggoog_0061.png"; bbox 0 0 3092 5134; ppageno 0'>
   <div class='ocr_carea' id='block_1_1' title="bbox 567 436 790 504">
    <p class='ocr_par' dir='ltr' id='par_1_1' title="bbox 567 436 790 504">
     <span class='ocr_line' id='line_1_1' title="bbox 567 436 790 504; baseline -0.022 -17"><span class='ocrx_word' id='word_1_1' title='bbox 567 473 606 487; x_wconf 84' lang='lat'><strong>..</strong></span> <span class='ocrx_word' id='word_1_2' title='bbox 656 436 790 504; x_wconf 72' lang='lat'>55.-</span> 
     </span>
    </p>
   </div>
   <div class='ocr_carea' id='block_1_2' title="bbox 88 607 1269 755">
    <p class='ocr_par' dir='ltr' id='par_1_2' title="bbox 88 607 1269 755">
     <span class='ocr_line' id='line_1_2' title="bbox 88 607 1269 755; baseline -0.003 -52"><span class='ocrx_word' id='word_1_3' title='bbox 88 634 256 704; x_wconf 92' lang='lat' dir='ltr'><strong>novitatis</strong></span> <span class='ocrx_word' id='word_1_4' title='bbox 289 633 385 722; x_wconf 88' lang='lat' dir='ltr'><strong>signa</strong></span> <span class='ocrx_word' id='word_1_5' title='bbox 408 633 522 702; x_wconf 91' lang='lat' dir='ltr'><strong>inusta</strong></span> <span class='ocrx_word' id='word_1_6' title='bbox 545 642 635 701; x_wconf 91' lang='lat' dir='ltr'><strong>sunt.</strong></span> <span class='ocrx_word' id='word_1_7' title='bbox 682 633 801 701; x_wconf 80' lang='lat' dir='ltr'><strong>Exstat</strong></span> <span class='ocrx_word' id='word_1_8' title='bbox 824 631 860 700; x_wconf 91' lang='lat' dir='ltr'><strong>in</strong></span> <span class='ocrx_word' id='word_1_9' title='bbox 884 628 991 700; x_wconf 86' lang='lat' dir='ltr'>Iliade</span> <span class='ocrx_word' id='word_1_10' title='bbox 1015 607 1200 755; x_wconf 77' lang='lat' dir='ltr'><strong>nusquam,</strong></span> <span class='ocrx_word' id='word_1_11' title='bbox 1233 631 1269 699; x_wconf 92' lang='lat' dir='ltr'><strong>in</strong></span> 
     </span>
    </p>
   </div>
   <div class='ocr_carea' id='block_1_3' title="bbox 90 739 1076 933">
    <p class='ocr_par' dir='ltr' id='par_1_3' title="bbox 90 739 1076 933">
     <span class='ocr_line' id='line_1_3' title="bbox 90 739 256 828; baseline -0.006 -17"><span class='ocrx_word' id='word_1_12' title='bbox 90 739 256 828; x_wconf 80' lang='lat' dir='ltr'>Odyssea</span> 
     </span>
     <span class='ocr_line' id='line_1_4' title="bbox 287 844 1076 933; baseline -0.004 -21"><span class='ocrx_word' id='word_1_13' title='bbox 287 873 303 912; x_wconf 83' lang='grc' dir='ltr'><em>ε</em></span> <span class='ocrx_word' id='word_1_14' title='bbox 328 848 348 916; x_wconf 86' lang='grc'><strong><em>5</em></strong></span> <span class='ocrx_word' id='word_1_15' title='bbox 359 877 366 915; x_wconf 93' lang='lat'><strong>:</strong></span> <span class='ocrx_word' id='word_1_16' title='bbox 392 885 424 894; x_wconf 96' lang='lat'><em>-</em></span> <span class='ocrx_word' id='word_1_17' title='bbox 442 885 475 894; x_wconf 97' lang='lat'><em>-</em></span> <span class='ocrx_word' id='word_1_18' title='bbox 493 885 525 894; x_wconf 96' lang='lat'><em>-</em></span> <span class='ocrx_word' id='word_1_19' title='bbox 542 847 639 928; x_wconf 76' lang='grc' dir='ltr'><strong>λέγε</strong></span> <span class='ocrx_word' id='word_1_20' title='bbox 662 847 766 933; x_wconf 78' lang='grc' dir='ltr'><em>κήδεα</em></span> <span class='ocrx_word' id='word_1_21' title='bbox 793 847 892 910; x_wconf 78' lang='grc' dir='ltr'><em>πόλλ’</em></span> <span class='ocrx_word' id='word_1_22' title='bbox 917 844 1076 932; x_wconf 81' lang='grc' dir='ltr'><em>Ὀδυσῆος,</em></span> 
     </span>
    </p>
   </div>
   <div class='ocr_carea' id='block_1_4' title="bbox 90 968 1267 1166">
    <p class='ocr_par' dir='ltr' id='par_1_4' title="bbox 90 968 1267 1166">
     <span class='ocr_line' id='line_1_5' title="bbox 90 968 1267 1062; baseline -0.001 -21"><span class='ocrx_word' id='word_1_23' title='bbox 90 974 157 1062; x_wconf 91' lang='lat' dir='ltr'><strong>qui</strong></span> <span class='ocrx_word' id='word_1_24' title='bbox 180 998 298 1042; x_wconf 92' lang='lat' dir='ltr'><strong>versus</strong></span> <span class='ocrx_word' id='word_1_25' title='bbox 322 973 389 1041; x_wconf 93' lang='lat' dir='ltr'><strong>iam</strong></span> <span class='ocrx_word' id='word_1_26' title='bbox 414 982 595 1060; x_wconf 88' lang='lat' dir='ltr'><strong>propterea</strong></span> <span class='ocrx_word' id='word_1_27' title='bbox 619 981 799 1058; x_wconf 88' lang='lat' dir='ltr'><strong>suspectus</strong></span> <span class='ocrx_word' id='word_1_28' title='bbox 822 981 883 1050; x_wconf 88' lang='lat' dir='ltr'><strong>est,</strong></span> <span class='ocrx_word' id='word_1_29' title='bbox 908 968 1007 1059; x_wconf 91' lang='lat' dir='ltr'><strong>quod</strong></span> <span class='ocrx_word' id='word_1_30' title='bbox 1030 981 1133 1057; x_wconf 92' lang='lat' dir='ltr'><strong>poeta</strong></span> <span class='ocrx_word' id='word_1_31' title='bbox 1149 968 1267 1040; x_wconf 60' lang='lat' dir='ltr'><strong>nobisa</strong></span> 
     </span>
     <span class='ocr_line' id='line_1_6' title="bbox 91 1075 1266 1166; baseline -0.003 -17"><span class='ocrx_word' id='word_1_32' title='bbox 91 1104 173 1149; x_wconf 93' lang='lat' dir='ltr'><strong>cum</strong></span> <span class='ocrx_word' id='word_1_33' title='bbox 197 1081 264 1149; x_wconf 91' lang='lat' dir='ltr'><strong>iam</strong></span> <span class='ocrx_word' id='word_1_34' title='bbox 287 1089 365 1148; x_wconf 86' lang='lat' dir='ltr'><strong>ante</strong></span> <span class='ocrx_word' id='word_1_35' title='bbox 389 1079 580 1148; x_wconf 91' lang='lat' dir='ltr'><strong>orationem</strong></span> <span class='ocrx_word' id='word_1_36' title='bbox 604 1078 845 1157; x_wconf 82' lang='lat' dir='ltr'><strong>communicat,</strong></span> <span class='ocrx_word' id='word_1_37' title='bbox 869 1075 956 1166; x_wconf 90' lang='lat' dir='ltr'><strong>quid</strong></span> <span class='ocrx_word' id='word_1_38' title='bbox 980 1078 1016 1146; x_wconf 94' lang='lat' dir='ltr'><strong>in</strong></span> <span class='ocrx_word' id='word_1_39' title='bbox 1040 1103 1079 1147; x_wconf 88' lang='lat' dir='ltr'><strong>ea</strong></span> <span class='ocrx_word' id='word_1_40' title='bbox 1101 1078 1183 1147; x_wconf 91' lang='lat' dir='ltr'><strong>insit</strong></span> <span class='ocrx_word' id='word_1_41' title='bbox 1207 1075 1266 1163; x_wconf 83' lang='lat' dir='ltr'><strong>(cf.</strong></span> 
     </span>
    </p>
   </div>
   <div class='ocr_carea' id='block_1_5' title="bbox 91 1183 932 1275">
    <p class='ocr_par' dir='ltr' id='par_1_5' title="bbox 91 1183 932 1275">
     <span class='ocr_line' id='line_1_7' title="bbox 91 1183 932 1275; baseline -0.004 -19"><span class='ocrx_word' id='word_1_42' title='bbox 91 1211 168 1275; x_wconf 86' lang='lat' dir='ltr'><strong>cap.</strong></span> <span class='ocrx_word' id='word_1_43' title='bbox 185 1187 334 1271; x_wconf 89' lang='lat' dir='ltr'>XXIV).</span> <span class='ocrx_word' id='word_1_44' title='bbox 382 1183 547 1255; x_wconf 91' lang='lat' dir='ltr'><strong>Eiusdem</strong></span> <span class='ocrx_word' id='word_1_45' title='bbox 570 1185 703 1274; x_wconf 85' lang='lat' dir='ltr'><strong>generis</strong></span> <span class='ocrx_word' id='word_1_46' title='bbox 728 1195 779 1254; x_wconf 93' lang='lat' dir='ltr'><strong>est</strong></span> <span class='ocrx_word' id='word_1_47' title='bbox 801 1211 820 1248; x_wconf 85' lang='grc' dir='ltr'><strong><em>κ</em></strong></span> <span class='ocrx_word' id='word_1_48' title='bbox 844 1185 932 1254; x_wconf 80' lang='lat'>250:</span> 
     </span>
    </p>
   </div>
   <div class='ocr_carea' id='block_1_6' title="bbox 194 1306 1162 1397">
    <p class='ocr_par' dir='ltr' id='par_1_6' title="bbox 194 1306 1162 1397">
     <span class='ocr_line' id='line_1_8' title="bbox 194 1306 1162 1397; baseline 0 -22"><span class='ocrx_word' id='word_1_49' title='bbox 194 1320 250 1375; x_wconf 73' lang='grc' dir='ltr'><strong>καὶ</strong></span> <span class='ocrx_word' id='word_1_50' title='bbox 273 1313 350 1376; x_wconf 79' lang='grc' dir='ltr'><strong><em>τότε</em></strong></span> <span class='ocrx_word' id='word_1_51' title='bbox 373 1315 439 1376; x_wconf 70' lang='grc' dir='ltr'><strong>τῶν</strong></span> <span class='ocrx_word' id='word_1_52' title='bbox 463 1307 728 1397; x_wconf 70' lang='grc' dir='ltr'><em>ἄλλωσὲιάρων</em></span> <span class='ocrx_word' id='word_1_53' title='bbox 751 1310 984 1384; x_wconf 79' lang='grc' dir='ltr'><strong><em>κατέλεξεν</em></strong></span> <span class='ocrx_word' id='word_1_54' title='bbox 1009 1306 1162 1395; x_wconf 69' lang='grc' dir='ltr'><em>ὄλεθρον,</em></span> 
     </span>
    </p>
   </div>
   <div class='ocr_carea' id='block_1_7' title="bbox 88 1431 1280 1738">
    <p class='ocr_par' dir='ltr' id='par_1_7' title="bbox 88 1431 1280 1738">
     <span class='ocr_line' id='line_1_9' title="bbox 90 1431 1267 1524; baseline -0.003 -19"><span class='ocrx_word' id='word_1_55' title='bbox 90 1434 156 1505; x_wconf 91' lang='lat' dir='ltr'><strong>ubi</strong></span> <span class='ocrx_word' id='word_1_56' title='bbox 190 1437 324 1516; x_wconf 88' lang='lat' dir='ltr'><strong>iterum,</strong></span> <span class='ocrx_word' id='word_1_57' title='bbox 359 1436 562 1524; x_wconf 77' lang='lat' dir='ltr'>priusquam</span> <span class='ocrx_word' id='word_1_58' title='bbox 597 1435 708 1504; x_wconf 88' lang='lat' dir='ltr'><strong>oratio</strong></span> <span class='ocrx_word' id='word_1_59' title='bbox 742 1435 894 1522; x_wconf 85' lang='lat' dir='ltr'><strong>incipiat,</strong></span> <span class='ocrx_word' id='word_1_60' title='bbox 929 1435 1070 1514; x_wconf 90' lang='lat' dir='ltr'><strong>scimus,</strong></span> <span class='ocrx_word' id='word_1_61' title='bbox 1106 1431 1193 1522; x_wconf 90' lang='lat' dir='ltr'><strong>quid</strong></span> <span class='ocrx_word' id='word_1_62' title='bbox 1228 1460 1267 1503; x_wconf 89' lang='lat' dir='ltr'><strong>ea</strong></span> 
     </span>
     <span class='ocr_line' id='line_1_10' title="bbox 90 1539 1280 1630; baseline -0.003 -18"><span class='ocrx_word' id='word_1_63' title='bbox 90 1544 308 1612; x_wconf 88' lang='lat' dir='ltr'><strong>contineatur</strong></span> <span class='ocrx_word' id='word_1_64' title='bbox 331 1540 391 1628; x_wconf 83' lang='lat' dir='ltr'><strong>(cf.</strong></span> <span class='ocrx_word' id='word_1_65' title='bbox 409 1567 482 1630; x_wconf 85' lang='lat' dir='ltr'><strong>cap.</strong></span> <span class='ocrx_word' id='word_1_66' title='bbox 499 1542 649 1627; x_wconf 90' lang='lat' dir='ltr'>XXIV).</span> <span class='ocrx_word' id='word_1_67' title='bbox 688 1539 858 1610; x_wconf 87' lang='lat' dir='ltr'><strong>Manibus</strong></span> <span class='ocrx_word' id='word_1_68' title='bbox 875 1565 979 1629; x_wconf 93' lang='lat' dir='ltr'><strong>porro</strong></span> <span class='ocrx_word' id='word_1_69' title='bbox 996 1550 1141 1621; x_wconf 89' lang='lat' dir='ltr'><strong>tenetur,</strong></span> <span class='ocrx_word' id='word_1_70' title='bbox 1158 1564 1280 1629; x_wconf 55' lang='lat' dir='ltr'><strong>quana·</strong></span> 
     </span>
     <span class='ocr_line' id='line_1_11' title="bbox 88 1646 1136 1738; baseline -0.003 -19"><span class='ocrx_word' id='word_1_71' title='bbox 88 1661 211 1738; x_wconf 84' lang='lat' dir='ltr'><strong>topere</strong></span> <span class='ocrx_word' id='word_1_72' title='bbox 234 1647 370 1738; x_wconf 88' lang='lat' dir='ltr'><strong>legibus</strong></span> <span class='ocrx_word' id='word_1_73' title='bbox 394 1646 556 1719; x_wconf 88' lang='lat' dir='ltr'><strong>dictionis</strong></span> <span class='ocrx_word' id='word_1_74' title='bbox 580 1649 787 1718; x_wconf 85' lang='lat' dir='ltr'><strong>Homericae</strong></span> <span class='ocrx_word' id='word_1_75' title='bbox 810 1658 979 1736; x_wconf 88' lang='lat' dir='ltr'><strong>repugnet</strong></span> <span class='ocrx_word' id='word_1_76' title='bbox 1000 1675 1025 1731; x_wconf 72' lang='lat' dir='ltr'><strong>u</strong></span> <span class='ocrx_word' id='word_1_77' title='bbox 1052 1648 1136 1717; x_wconf 78' lang='lat'>165:</span> 
     </span>
    </p>
   </div>
   <div class='ocr_carea' id='block_1_8' title="bbox 204 1766 1152 1862">
    <p class='ocr_par' dir='ltr' id='par_1_8' title="bbox 204 1766 1152 1862">
     <span class='ocr_line' id='line_1_12' title="bbox 204 1766 1152 1862; baseline -0.002 -22"><span class='ocrx_word' id='word_1_78' title='bbox 204 1766 228 1862; x_wconf 74' lang='grc' dir='ltr'><em>ἤ</em></span> <span class='ocrx_word' id='word_1_79' title='bbox 250 1801 299 1840; x_wconf 82' lang='grc' dir='ltr'><strong>τοι</strong></span> <span class='ocrx_word' id='word_1_80' title='bbox 324 1774 385 1857; x_wconf 77' lang='grc' dir='ltr'><strong>ἐγώ</strong></span> <span class='ocrx_word' id='word_1_81' title='bbox 410 1775 453 1838; x_wconf 80' lang='grc' dir='ltr'><strong>σοὶ</strong></span> <span class='ocrx_word' id='word_1_82' title='bbox 479 1777 603 1839; x_wconf 78' lang='grc' dir='ltr'><em>ἕκαστοι</em></span> <span class='ocrx_word' id='word_1_83' title='bbox 627 1774 762 1854; x_wconf 77' lang='grc' dir='ltr'><em>λέγων</em></span> <span class='ocrx_word' id='word_1_84' title='bbox 786 1775 930 1859; x_wconf 79' lang='grc' dir='ltr'><em>ἑτάροισι</em></span> <span class='ocrx_word' id='word_1_85' title='bbox 955 1785 1152 1856; x_wconf 78' lang='grc' dir='ltr'><strong><em>πίφαυσκον,</em></strong></span> 
     </span>
    </p>
   </div>
   <div class='ocr_carea' id='block_1_9' title="bbox 89 1895 1264 2362">
    <p class='ocr_par' dir='ltr' id='par_1_9' title="bbox 89 1895 1264 2362">
     <span class='ocr_line' id='line_1_13' title="bbox 89 1895 1053 1988; baseline -0.002 -20"><span class='ocrx_word' id='word_1_86' title='bbox 89 1901 128 1968; x_wconf 91' lang='lat' dir='ltr'><strong>in</strong></span> <span class='ocrx_word' id='word_1_87' title='bbox 153 1925 226 1988; x_wconf 91' lang='lat' dir='ltr'><strong>quo</strong></span> <span class='ocrx_word' id='word_1_88' title='bbox 249 1925 351 1969; x_wconf 92' lang='lat' dir='ltr'><strong>versu</strong></span> <span class='ocrx_word' id='word_1_89' title='bbox 374 1897 461 1968; x_wconf 91' lang='lat' dir='ltr'><strong>nihil</strong></span> <span class='ocrx_word' id='word_1_90' title='bbox 485 1909 535 1968; x_wconf 91' lang='lat' dir='ltr'><strong>est</strong></span> <span class='ocrx_word' id='word_1_91' title='bbox 559 1895 657 1987; x_wconf 91' lang='lat' dir='ltr'><strong>quod</strong></span> <span class='ocrx_word' id='word_1_92' title='bbox 682 1923 754 1968; x_wconf 92' lang='lat' dir='ltr'><strong>non</strong></span> <span class='ocrx_word' id='word_1_93' title='bbox 778 1895 949 1977; x_wconf 81' lang='lat' dir='ltr'><strong>offendat3</strong></span> <span class='ocrx_word' id='word_1_94' title='bbox 974 1922 1053 1967; x_wconf 94' lang='lat' dir='ltr'><strong>nam</strong></span> 
     </span>
     <span class='ocr_line' id='line_1_14' title="bbox 185 2015 1006 2112; baseline 0 -20"><span class='ocrx_word' id='word_1_95' title='bbox 185 2025 220 2110; x_wconf 94' lang='grc'><strong>1)</strong></span> <span class='ocrx_word' id='word_1_96' title='bbox 244 2023 409 2111; x_wconf 85' lang='lat' dir='ltr'><strong>particula</strong></span> <span class='ocrx_word' id='word_1_97' title='bbox 430 2015 455 2111; x_wconf 73' lang='grc' dir='ltr'><strong>οῗ</strong></span> <span class='ocrx_word' id='word_1_98' title='bbox 477 2050 527 2088; x_wconf 82' lang='grc' dir='ltr'><strong>τοι</strong></span> <span class='ocrx_word' id='word_1_99' title='bbox 550 2022 610 2093; x_wconf 94' lang='lat' dir='ltr'><strong>tali</strong></span> <span class='ocrx_word' id='word_1_100' title='bbox 633 2022 712 2093; x_wconf 94' lang='lat' dir='ltr'><strong>loco</strong></span> <span class='ocrx_word' id='word_1_101' title='bbox 737 2021 919 2112; x_wconf 88' lang='lat' dir='ltr'><strong>singularis</strong></span> <span class='ocrx_word' id='word_1_102' title='bbox 943 2033 1006 2102; x_wconf 90' lang='lat' dir='ltr'><strong>est;</strong></span> 
     </span>
     <span class='ocr_line' id='line_1_15' title="bbox 181 2145 911 2234; baseline -0.001 -17"><span class='ocrx_word' id='word_1_103' title='bbox 181 2149 220 2234; x_wconf 88' lang='lat'><strong>2)</strong></span> <span class='ocrx_word' id='word_1_104' title='bbox 245 2147 439 2219; x_wconf 89' lang='lat' dir='ltr'><strong>subiectum</strong></span> <span class='ocrx_word' id='word_1_105' title='bbox 463 2148 526 2230; x_wconf 74' lang='grc' dir='ltr'><strong>ἐγώ</strong></span> <span class='ocrx_word' id='word_1_106' title='bbox 551 2146 634 2218; x_wconf 90' lang='lat' dir='ltr'><strong>alibi</strong></span> <span class='ocrx_word' id='word_1_107' title='bbox 657 2173 730 2216; x_wconf 92' lang='lat' dir='ltr'><strong>non</strong></span> <span class='ocrx_word' id='word_1_108' title='bbox 753 2145 911 2225; x_wconf 65' lang='lat' dir='ltr'><strong>additum</strong></span> 
     </span>
     <span class='ocr_line' id='line_1_16' title="bbox 181 2271 1264 2362; baseline 0 -19"><span class='ocrx_word' id='word_1_109' title='bbox 181 2275 219 2359; x_wconf 79' lang='lat'><strong>3)</strong></span> <span class='ocrx_word' id='word_1_110' title='bbox 243 2275 286 2339; x_wconf 77' lang='grc' dir='ltr'><strong>τοὶ</strong></span> <span class='ocrx_word' id='word_1_111' title='bbox 312 2278 435 2338; x_wconf 77' lang='grc' dir='ltr'><em>ἕκαστα</em></span> <span class='ocrx_word' id='word_1_112' title='bbox 460 2271 643 2343; x_wconf 84' lang='lat' dir='ltr'><strong>manifesto</strong></span> <span class='ocrx_word' id='word_1_113' title='bbox 667 2273 857 2362; x_wconf 86' lang='lat' dir='ltr'><strong>epigonum</strong></span> <span class='ocrx_word' id='word_1_114' title='bbox 881 2271 999 2360; x_wconf 88' lang='lat' dir='ltr'><strong>prodit</strong></span> <span class='ocrx_word' id='word_1_115' title='bbox 1023 2272 1082 2359; x_wconf 83' lang='lat' dir='ltr'><strong>(cf.</strong></span> <span class='ocrx_word' id='word_1_116' title='bbox 1104 2298 1177 2362; x_wconf 86' lang='lat' dir='ltr'><strong>cap.</strong></span> <span class='ocrx_word' id='word_1_117' title='bbox 1195 2275 1264 2359; x_wconf 90' lang='lat' dir='ltr'><strong>ll);</strong></span> 
     </span>
    </p>
   </div>
   <div class='ocr_carea' id='block_1_10' title="bbox 86 2395 1265 2593">
    <p class='ocr_par' dir='ltr' id='par_1_10' title="bbox 86 2395 1265 2593">
     <span class='ocr_line' id='line_1_17' title="bbox 179 2395 1265 2486; baseline 0.001 -20"><span class='ocrx_word' id='word_1_118' title='bbox 179 2399 219 2483; x_wconf 86' lang='lat'><strong>4)</strong></span> <span class='ocrx_word' id='word_1_119' title='bbox 243 2399 430 2486; x_wconf 87' lang='lat' dir='ltr'><strong>geminatio</strong></span> <span class='ocrx_word' id='word_1_120' title='bbox 447 2397 643 2477; x_wconf 87' lang='lat' dir='ltr'><strong>verborum,</strong></span> <span class='ocrx_word' id='word_1_121' title='bbox 661 2395 788 2466; x_wconf 89' lang='lat' dir='ltr'><strong>scilicet</strong></span> <span class='ocrx_word' id='word_1_122' title='bbox 804 2399 911 2479; x_wconf 75' lang='grc' dir='ltr'><em>λέγειν</em></span> <span class='ocrx_word' id='word_1_123' title='bbox 935 2408 968 2467; x_wconf 88' lang='lat' dir='ltr'><strong>et</strong></span> <span class='ocrx_word' id='word_1_124' title='bbox 992 2399 1203 2482; x_wconf 78' lang='grc' dir='ltr'><strong><em>πιφαύσκειν,</em></strong></span> <span class='ocrx_word' id='word_1_125' title='bbox 1228 2399 1265 2467; x_wconf 92' lang='lat' dir='ltr'><strong>in</strong></span> 
     </span>
     <span class='ocr_line' id='line_1_18' title="bbox 86 2502 1225 2593; baseline 0 -20"><span class='ocrx_word' id='word_1_126' title='bbox 86 2503 418 2592; x_wconf 87' lang='lat' dir='ltr'><strong>interpolationibus</strong></span> <span class='ocrx_word' id='word_1_127' title='bbox 441 2515 575 2574; x_wconf 87' lang='lat' dir='ltr'><strong>tantum</strong></span> <span class='ocrx_word' id='word_1_128' title='bbox 599 2515 679 2593; x_wconf 91' lang='lat' dir='ltr'><strong>post</strong></span> <span class='ocrx_word' id='word_1_129' title='bbox 702 2505 868 2574; x_wconf 92' lang='lat' dir='ltr'><strong>orationis</strong></span> <span class='ocrx_word' id='word_1_130' title='bbox 891 2503 997 2573; x_wconf 90' lang='lat' dir='ltr'><strong>finem</strong></span> <span class='ocrx_word' id='word_1_131' title='bbox 1021 2502 1225 2584; x_wconf 66' lang='lat' dir='ltr'><strong>collocatum</strong></span> 
     </span>
    </p>
   </div>
   <div class='ocr_carea' id='block_1_11' title="bbox 84 2628 1273 3040">
    <p class='ocr_par' dir='ltr' id='par_1_11' title="bbox 84 2628 1273 3040">
     <span class='ocr_line' id='line_1_19' title="bbox 180 2628 1263 2719; baseline -0.001 -19"><span class='ocrx_word' id='word_1_132' title='bbox 180 2632 218 2716; x_wconf 83' lang='lat'><strong>5)</strong></span> <span class='ocrx_word' id='word_1_133' title='bbox 242 2629 388 2700; x_wconf 92' lang='lat' dir='ltr'><strong>verbum</strong></span> <span class='ocrx_word' id='word_1_134' title='bbox 428 2633 629 2715; x_wconf 78' lang='grc' dir='ltr'><em>πιφαύσκειν</em></span> <span class='ocrx_word' id='word_1_135' title='bbox 667 2629 843 2719; x_wconf 87' lang='lat' dir='ltr'><strong>analogias</strong></span> <span class='ocrx_word' id='word_1_136' title='bbox 881 2656 954 2699; x_wconf 91' lang='lat' dir='ltr'><strong>non</strong></span> <span class='ocrx_word' id='word_1_137' title='bbox 991 2628 1096 2700; x_wconf 89' lang='lat' dir='ltr'><strong>habet</strong></span> <span class='ocrx_word' id='word_1_138' title='bbox 1126 2631 1192 2700; x_wconf 92' lang='lat' dir='ltr'><strong>nisi</strong></span> <span class='ocrx_word' id='word_1_139' title='bbox 1227 2632 1263 2700; x_wconf 92' lang='lat' dir='ltr'><strong>in</strong></span> 
     </span>
     <span class='ocr_line' id='line_1_20' title="bbox 85 2737 1273 2826; baseline 0.001 -19"><span class='ocrx_word' id='word_1_140' title='bbox 85 2737 246 2807; x_wconf 89' lang='lat' dir='ltr'><strong>versibus</strong></span> <span class='ocrx_word' id='word_1_141' title='bbox 277 2739 360 2825; x_wconf 92' lang='lat' dir='ltr'><strong>ipsis</strong></span> <span class='ocrx_word' id='word_1_142' title='bbox 392 2763 536 2826; x_wconf 89' lang='lat' dir='ltr'><strong>quoque</strong></span> <span class='ocrx_word' id='word_1_143' title='bbox 569 2738 734 2826; x_wconf 90' lang='lat' dir='ltr'><strong>suspectis</strong></span> <span class='ocrx_word' id='word_1_144' title='bbox 765 2764 785 2804; x_wconf 82' lang='grc' dir='ltr'><strong><em>ν</em></strong></span> <span class='ocrx_word' id='word_1_145' title='bbox 815 2738 860 2806; x_wconf 82' lang='lat'><strong>37</strong></span> <span class='ocrx_word' id='word_1_146' title='bbox 894 2748 927 2806; x_wconf 93' lang='lat' dir='ltr'><strong>et</strong></span> <span class='ocrx_word' id='word_1_147' title='bbox 956 2765 977 2821; x_wconf 87' lang='grc' dir='ltr'><em>χ</em></span> <span class='ocrx_word' id='word_1_148' title='bbox 1010 2738 1073 2806; x_wconf 80' lang='lat'><strong>131</strong></span> <span class='ocrx_word' id='word_1_149' title='bbox 1102 2739 1138 2823; x_wconf 71' lang='grc' dir='ltr'><strong>(ι</strong></span> <span class='ocrx_word' id='word_1_150' title='bbox 1163 2739 1273 2825; x_wconf 81' lang='grc' dir='ltr'><strong>247).Ι</strong></span> 
     </span>
     <span class='ocr_line' id='line_1_21' title="bbox 85 2843 1262 2935; baseline 0.001 -21"><span class='ocrx_word' id='word_1_151' title='bbox 85 2848 211 2935; x_wconf 87' lang='lat' dir='ltr'><strong>Itaque</strong></span> <span class='ocrx_word' id='word_1_152' title='bbox 239 2873 265 2928; x_wconf 71' lang='grc' dir='ltr'><strong>ιι</strong></span> <span class='ocrx_word' id='word_1_153' title='bbox 297 2845 364 2914; x_wconf 82' lang='grc'><strong>165</strong></span> <span class='ocrx_word' id='word_1_154' title='bbox 395 2846 592 2916; x_wconf 91' lang='lat' dir='ltr'><strong>novissimis</strong></span> <span class='ocrx_word' id='word_1_155' title='bbox 624 2843 765 2915; x_wconf 91' lang='lat' dir='ltr'><strong>demum</strong></span> <span class='ocrx_word' id='word_1_156' title='bbox 796 2843 1012 2933; x_wconf 89' lang='lat' dir='ltr'><strong>temporibus</strong></span> <span class='ocrx_word' id='word_1_157' title='bbox 1044 2856 1158 2915; x_wconf 90' lang='lat' dir='ltr'><strong>ortum</strong></span> <span class='ocrx_word' id='word_1_158' title='bbox 1190 2872 1262 2915; x_wconf 92' lang='lat' dir='ltr'><strong>esse</strong></span> 
     </span>
     <span class='ocr_line' id='line_1_22' title="bbox 84 2940 1146 3040; baseline 0 -19"><span class='ocrx_word' id='word_1_159' title='bbox 84 2950 164 3021; x_wconf 88' lang='lat' dir='ltr'><strong>luce</strong></span> <span class='ocrx_word' id='word_1_160' title='bbox 189 2950 311 3021; x_wconf 91' lang='lat' dir='ltr'><strong>clarius</strong></span> <span class='ocrx_word' id='word_1_161' title='bbox 334 2962 427 3040; x_wconf 89' lang='lat' dir='ltr'><strong>patet</strong></span> <span class='ocrx_word' id='word_1_162' title='bbox 451 2962 484 3021; x_wconf 91' lang='lat' dir='ltr'><strong>et</strong></span> <span class='ocrx_word' id='word_1_163' title='bbox 506 2953 574 3022; x_wconf 90' lang='lat' dir='ltr'><strong>iam</strong></span> <span class='ocrx_word' id='word_1_164' title='bbox 598 2954 818 3021; x_wconf 89' lang='lat' dir='ltr'><strong>Duentzerus</strong></span> <span class='ocrx_word' id='word_1_165' title='bbox 842 2977 921 3022; x_wconf 89' lang='lat' dir='ltr'><strong>eum</strong></span> <span class='ocrx_word' id='word_1_166' title='bbox 945 2940 1146 3022; x_wconf 65' lang='lat' dir='ltr'><strong>damnavit.x</strong></span> 
     </span>
    </p>
   </div>
   <div class='ocr_carea' id='block_1_12' title="bbox 180 3077 499 3166">
    <p class='ocr_par' dir='ltr' id='par_1_12' title="bbox 180 3077 499 3166">
     <span class='ocr_line' id='line_1_23' title="bbox 180 3077 499 3166; baseline 0.009 -22"><span class='ocrx_word' id='word_1_167' title='bbox 180 3077 345 3166; x_wconf 89' lang='lat' dir='ltr'><strong>Denique</strong></span> <span class='ocrx_word' id='word_1_168' title='bbox 367 3102 386 3141; x_wconf 84' lang='grc' dir='ltr'><em>τ</em></span> <span class='ocrx_word' id='word_1_169' title='bbox 410 3077 499 3146; x_wconf 81' lang='lat'><strong>203:</strong></span> 
     </span>
    </p>
   </div>
   <div class='ocr_carea' id='block_1_13' title="bbox 84 3183 1109 3378">
    <p class='ocr_par' dir='ltr' id='par_1_13' title="bbox 84 3183 1109 3378">
     <span class='ocr_line' id='line_1_24' title="bbox 239 3183 1109 3271; baseline 0.002 -23"><span class='ocrx_word' id='word_1_170' title='bbox 239 3187 308 3248; x_wconf 80' lang='grc' dir='ltr'><em>ἴσκε</em></span> <span class='ocrx_word' id='word_1_171' title='bbox 332 3183 462 3271; x_wconf 78' lang='grc' dir='ltr'><em>ψεύδεα</em></span> <span class='ocrx_word' id='word_1_172' title='bbox 489 3184 598 3249; x_wconf 76' lang='grc' dir='ltr'><em>πολλοὶ</em></span> <span class='ocrx_word' id='word_1_173' title='bbox 623 3185 757 3265; x_wconf 79' lang='grc' dir='ltr'><em>λέγων</em></span> <span class='ocrx_word' id='word_1_174' title='bbox 781 3185 948 3268; x_wconf 68' lang='grc' dir='ltr'><em>ἐτύμοισιν</em></span> <span class='ocrx_word' id='word_1_175' title='bbox 973 3183 1109 3271; x_wconf 76' lang='grc' dir='ltr'><em>ομοῐαῙ)</em></span> 
     </span>
     <span class='ocr_line' id='line_1_25' title="bbox 84 3288 697 3378; baseline 0.003 -19"><span class='ocrx_word' id='word_1_176' title='bbox 84 3291 156 3359; x_wconf 85' lang='lat' dir='ltr'><strong>iam</strong></span> <span class='ocrx_word' id='word_1_177' title='bbox 179 3291 257 3378; x_wconf 92' lang='lat' dir='ltr'><strong>ipso</strong></span> <span class='ocrx_word' id='word_1_178' title='bbox 281 3289 389 3360; x_wconf 91' lang='lat' dir='ltr'><strong>verbo</strong></span> <span class='ocrx_word' id='word_1_179' title='bbox 413 3294 481 3356; x_wconf 80' lang='grc' dir='ltr'><em>ἴσκε</em></span> <span class='ocrx_word' id='word_1_180' title='bbox 505 3288 697 3360; x_wconf 88' lang='lat' dir='ltr'><strong>damnatur.</strong></span> 
     </span>
    </p>
   </div>
   <div class='ocr_carea' id='block_1_14' title="bbox 82 3413 1305 3935">
    <p class='ocr_par' dir='ltr' id='par_1_14' title="bbox 82 3413 1305 3935">
     <span class='ocr_line' id='line_1_26' title="bbox 177 3413 1305 3504; baseline 0.002 -19"><span class='ocrx_word' id='word_1_181' title='bbox 177 3416 311 3485; x_wconf 91' lang='lat' dir='ltr'><strong>Omnes</strong></span> <span class='ocrx_word' id='word_1_182' title='bbox 341 3413 378 3484; x_wconf 92' lang='lat' dir='ltr'><strong>hi</strong></span> <span class='ocrx_word' id='word_1_183' title='bbox 409 3441 528 3485; x_wconf 92' lang='lat' dir='ltr'><strong>versus</strong></span> <span class='ocrx_word' id='word_1_184' title='bbox 559 3441 650 3504; x_wconf 90' lang='lat' dir='ltr'><strong>quos</strong></span> <span class='ocrx_word' id='word_1_185' title='bbox 674 3417 775 3487; x_wconf 86' lang='lat' dir='ltr'><strong>citavi</strong></span> <span class='ocrx_word' id='word_1_186' title='bbox 806 3428 909 3504; x_wconf 92' lang='lat' dir='ltr'><strong>post</strong></span> <span class='ocrx_word' id='word_1_187' title='bbox 939 3418 1127 3488; x_wconf 90' lang='lat' dir='ltr'><strong>carminum</strong></span> <span class='ocrx_word' id='word_1_188' title='bbox 1152 3420 1260 3488; x_wconf 89' lang='lat' dir='ltr'><strong>Hom.</strong></span> <span class='ocrx_word' id='word_1_189' title='bbox 1303 3448 1305 3452; x_wconf 49' lang='lat'><em>⁴</em></span> 
     </span>
     <span class='ocr_line' id='line_1_27' title="bbox 82 3520 1261 3613; baseline 0.003 -21"><span class='ocrx_word' id='word_1_190' title='bbox 82 3535 242 3610; x_wconf 90' lang='lat' dir='ltr'><strong>tempora</strong></span> <span class='ocrx_word' id='word_1_191' title='bbox 276 3520 356 3592; x_wconf 86' lang='lat' dir='ltr'><strong>facti</strong></span> <span class='ocrx_word' id='word_1_192' title='bbox 391 3533 472 3592; x_wconf 91' lang='lat' dir='ltr'><strong>sunt</strong></span> <span class='ocrx_word' id='word_1_193' title='bbox 506 3533 539 3592; x_wconf 90' lang='lat' dir='ltr'><strong>et</strong></span> <span class='ocrx_word' id='word_1_194' title='bbox 573 3549 615 3592; x_wconf 87' lang='lat' dir='ltr'><strong>ex</strong></span> <span class='ocrx_word' id='word_1_195' title='bbox 650 3522 815 3600; x_wconf 91' lang='lat' dir='ltr'><strong>omnibus</strong></span> <span class='ocrx_word' id='word_1_196' title='bbox 849 3522 904 3594; x_wconf 94' lang='lat' dir='ltr'><strong>his</strong></span> <span class='ocrx_word' id='word_1_197' title='bbox 934 3523 1261 3613; x_wconf 88' lang='lat' dir='ltr'><strong>interpolationibus</strong></span> 
     </span>
     <span class='ocr_line' id='line_1_28' title="bbox 84 3617 1260 3722; baseline 0.002 -22"><span class='ocrx_word' id='word_1_198' title='bbox 84 3629 248 3710; x_wconf 89' lang='lat' dir='ltr'><strong>clarescit,</strong></span> <span class='ocrx_word' id='word_1_199' title='bbox 272 3641 485 3719; x_wconf 89' lang='lat' dir='ltr'><strong>quantopere</strong></span> <span class='ocrx_word' id='word_1_200' title='bbox 509 3617 655 3701; x_wconf 81' lang='lat' dir='ltr'><strong>verbum</strong></span> <span class='ocrx_word' id='word_1_201' title='bbox 678 3632 786 3712; x_wconf 77' lang='grc' dir='ltr'><em>λέγειν</em></span> <span class='ocrx_word' id='word_1_202' title='bbox 808 3633 975 3720; x_wconf 86' lang='lat' dir='ltr'><strong>pertineat</strong></span> <span class='ocrx_word' id='word_1_203' title='bbox 1005 3630 1050 3702; x_wconf 90' lang='lat' dir='ltr'><strong>ad</strong></span> <span class='ocrx_word' id='word_1_204' title='bbox 1080 3630 1129 3712; x_wconf 91' lang='lat' dir='ltr'><strong>id,</strong></span> <span class='ocrx_word' id='word_1_205' title='bbox 1161 3631 1260 3722; x_wconf 91' lang='lat' dir='ltr'><strong>quod</strong></span> 
     </span>
     <span class='ocr_line' id='line_1_29' title="bbox 84 3737 1260 3828; baseline 0.003 -22"><span class='ocrx_word' id='word_1_206' title='bbox 84 3737 242 3807; x_wconf 86' lang='lat' dir='ltr'><strong>oratione</strong></span> <span class='ocrx_word' id='word_1_207' title='bbox 255 3739 459 3807; x_wconf 89' lang='lat' dir='ltr'><strong>continetur.</strong></span> <span class='ocrx_word' id='word_1_208' title='bbox 480 3741 603 3808; x_wconf 88' lang='lat' dir='ltr'><strong>Postea</strong></span> <span class='ocrx_word' id='word_1_209' title='bbox 615 3739 724 3828; x_wconf 91' lang='lat' dir='ltr'><strong>magis</strong></span> <span class='ocrx_word' id='word_1_210' title='bbox 736 3739 916 3828; x_wconf 87' lang='lat' dir='ltr'><strong>magisque</strong></span> <span class='ocrx_word' id='word_1_211' title='bbox 929 3741 1084 3809; x_wconf 92' lang='lat' dir='ltr'><strong>increscit</strong></span> <span class='ocrx_word' id='word_1_212' title='bbox 1096 3764 1260 3810; x_wconf 90' lang='lat' dir='ltr'><strong>numerus</strong></span> 
     </span>
     <span class='ocr_line' id='line_1_30' title="bbox 83 3842 1223 3935; baseline 0 -23"><span class='ocrx_word' id='word_1_213' title='bbox 83 3842 313 3913; x_wconf 87' lang='lat' dir='ltr'><strong>formularum</strong></span> <span class='ocrx_word' id='word_1_214' title='bbox 336 3870 355 3914; x_wconf 86' lang='lat' dir='ltr'><strong>a</strong></span> <span class='ocrx_word' id='word_1_215' title='bbox 379 3845 483 3932; x_wconf 87' lang='lat' dir='ltr'><strong>stirpe</strong></span> <span class='ocrx_word' id='word_1_216' title='bbox 506 3845 573 3926; x_wconf 73' lang='lat' dir='ltr'><strong>ley—</strong></span> <span class='ocrx_word' id='word_1_217' title='bbox 597 3842 827 3915; x_wconf 87' lang='lat' dir='ltr'><strong>derivatarum</strong></span> <span class='ocrx_word' id='word_1_218' title='bbox 850 3847 887 3915; x_wconf 92' lang='lat' dir='ltr'><strong>in</strong></span> <span class='ocrx_word' id='word_1_219' title='bbox 911 3844 1223 3935; x_wconf 84' lang='lat' dir='ltr'><strong>complexionibus.</strong></span> 
     </span>
    </p>
   </div>
   <div class='ocr_carea' id='block_1_15' title="bbox 85 3949 1258 4148">
    <p class='ocr_par' dir='ltr' id='par_1_15' title="bbox 85 3949 1258 4148">
     <span class='ocr_line' id='line_1_31' title="bbox 85 3949 1258 4041; baseline 0.003 -20"><span class='ocrx_word' id='word_1_220' title='bbox 85 3951 221 4021; x_wconf 89' lang='lat' dir='ltr'><strong>Primus</strong></span> <span class='ocrx_word' id='word_1_221' title='bbox 245 3949 414 4021; x_wconf 91' lang='lat' dir='ltr'><strong>Pindarus</strong></span> <span class='ocrx_word' id='word_1_222' title='bbox 438 3950 665 4022; x_wconf 81' lang='lat' dir='ltr'>Ol.V11143</span> <span class='ocrx_word' id='word_1_223' title='bbox 690 3978 819 4023; x_wconf 92' lang='lat' dir='ltr'><strong>novam</strong></span> <span class='ocrx_word' id='word_1_224' title='bbox 834 3952 936 4023; x_wconf 84' lang='lat' dir='ltr'><strong>linxit</strong></span> <span class='ocrx_word' id='word_1_225' title='bbox 951 3951 1097 4024; x_wconf 87' lang='lat' dir='ltr'><strong>formam</strong></span> <span class='ocrx_word' id='word_1_226' title='bbox 1115 3953 1258 4041; x_wconf 86' lang='lat' dir='ltr'><strong>(concl.)</strong></span> 
     </span>
     <span class='ocr_line' id='line_1_32' title="bbox 387 4056 1034 4148; baseline 0.006 -26"><span class='ocrx_word' id='word_1_227' title='bbox 387 4056 429 4136; x_wconf 71' lang='grc' dir='ltr'><strong>ὥς</strong></span> <span class='ocrx_word' id='word_1_228' title='bbox 453 4058 525 4142; x_wconf 69' lang='grc' dir='ltr'><strong>ἐμοὶ</strong></span> <span class='ocrx_word' id='word_1_229' title='bbox 549 4060 666 4143; x_wconf 78' lang='grc' dir='ltr'><em>φάσμα</em></span> <span class='ocrx_word' id='word_1_230' title='bbox 691 4061 777 4142; x_wconf 76' lang='grc' dir='ltr'><em>λέγει</em></span> <span class='ocrx_word' id='word_1_231' title='bbox 802 4062 958 4148; x_wconf 80' lang='grc' dir='ltr'><em>Κρονίδα.</em></span> <span class='ocrx_word' id='word_1_232' title='bbox 1031 4076 1034 4080; x_wconf 85' lang='grc'><strong>’</strong></span> 
     </span>
    </p>
   </div>
   <div class='ocr_carea' id='block_1_16' title="bbox 177 4306 819 4380">
    <p class='ocr_par' dir='ltr' id='par_1_16' title="bbox 177 4306 819 4380">
     <span class='ocr_line' id='line_1_33' title="bbox 177 4306 819 4380; baseline 0.005 -17"><span class='ocrx_word' id='word_1_233' title='bbox 177 4306 203 4376; x_wconf 90' lang='lat' dir='ltr'><strong>l)</strong></span> <span class='ocrx_word' id='word_1_234' title='bbox 223 4309 318 4377; x_wconf 81' lang='lat' dir='ltr'><strong>Quem</strong></span> <span class='ocrx_word' id='word_1_235' title='bbox 338 4313 368 4364; x_wconf 91' lang='lat' dir='ltr'><strong>in</strong></span> <span class='ocrx_word' id='word_1_236' title='bbox 387 4327 447 4379; x_wconf 85' lang='lat' dir='ltr'><strong>cap.</strong></span> <span class='ocrx_word' id='word_1_237' title='bbox 466 4311 520 4364; x_wconf 92' lang='lat' dir='ltr'><strong>XX</strong></span> <span class='ocrx_word' id='word_1_238' title='bbox 539 4308 729 4380; x_wconf 84' lang='lat' dir='ltr'><strong>explicaturus</strong></span> <span class='ocrx_word' id='word_1_239' title='bbox 748 4329 819 4366; x_wconf 92' lang='lat' dir='ltr'><strong>sum.</strong></span> 
     </span>
    </p>
   </div>
   <div class='ocr_carea' id='block_1_17' title="bbox 0 0 1550 5134">
    <p class='ocr_par' dir='ltr' id='par_1_17' title="bbox 0 0 1550 5134">
     <span class='ocr_line' id='line_1_34' title="bbox 0 0 1550 5134; baseline 0 2"><span class='ocrx_word' id='word_1_240' title='bbox 0 0 1550 5134; x_wconf 95' lang='lat' dir='ltr'><strong> </strong></span> 
     </span>
    </p>
   </div>
  </div>
 </body>
</html>
