3092 5134
791 562 833 572 ..
881 524 926 593 52
973 563 1014 574 ..

594 855 598 870 Ι
726 722 852 844 Cap.
886 716 1086 822 XVIII.

657 899 722 966 De
745 895 885 968 verbo
910 896 1151 986 ἀγορεύειν.

404 1043 527 1111 Unum
551 1067 593 1110 ex
618 1041 660 1110 iis
683 1038 798 1110 verbis
830 1038 988 1119 dicendi,
1020 1065 1110 1129 quae
1141 1050 1318 1129 postremo
1349 1038 1482 1110 demum

314 1149 351 1218 in
387 1146 575 1217 dictionem
600 1147 824 1216 Homericam
858 1157 1006 1235 recepta
1025 1157 1123 1228 sunt,
1160 1157 1210 1218 est
1240 1146 1386 1217 verbum
1417 1147 1482 1230 οἰγο-

314 1257 431 1344 ρεύειν,
467 1253 567 1344 quod
599 1255 737 1343 proprie
770 1252 940 1343 significat
970 1255 1029 1322 »in
1062 1255 1224 1324 contione
1255 1253 1394 1343 (ἀγορά)
1416 1281 1483 1325 oras

314 1363 446 1432 tionem
469 1360 629 1431 habere«
666 1362 768 1449 Quae
793 1359 999 1450 significatio
1023 1362 1174 1450 genuina
1189 1360 1373 1432 manifesto
1389 1388 1483 1451 saepe

312 1470 434 1539 animis
468 1479 648 1556 poetarum
681 1467 862 1540 obversata
886 1479 946 1538 est.
994 1469 1047 1538 Sic
1070 1476 1103 1532 B
1127 1469 1196 1538 322
1228 1494 1268 1538 ea
1292 1468 1483 1541 Calchantis

313 1574 419 1647 verba
435 1601 524 1673 quae
539 1574 663 1645 Ulixes
678 1575 827 1645 orationi
843 1600 925 1644 suae
941 1575 1063 1645 intexit
1079 1573 1293 1646 inducuntur
1305 1577 1483 1647 sententia:

472 1683 612 1765 Κάλχας
636 1683 667 1747 d'
684 1680 793 1747 αὐτίκ’
818 1679 936 1747 ἔπειτα
960 1688 1182 1771 θεοπροπέων
1206 1681 1435 1771 ἀγόρευεν,

312 1815 402 1879 quae
427 1789 529 1859 etiam
552 1799 693 1877 propter
716 1789 935 1877 participium
962 1795 1184 1879 θεοπροπέων
1217 1788 1317 1879 quod
1345 1788 1486 1860 adicitur

315 1921 454 1966 omnem
490 1921 592 1965 usum
627 1893 743 1965 laedit.
796 1896 906 1967 Etiam
942 1921 981 1966 ea
1017 1898 1183 1967 sententia
1207 1905 1239 1961 B
1263 1897 1350 1967 330:
1387 1914 1486 1974 κεῖνος

311 2006 402 2068 τόσα
443 2001 626 2090 α’γόρεοε
665 2001 725 2088 (cf.
758 2027 831 2091 cap.
858 2004 908 2088 II)
948 2029 1018 2092 qua
1058 2002 1362 2093 comprehenditur
1401 2002 1486 2074 illud

311 2111 512 2181 vaticinium
528 2111 602 2198 ipsa
620 2108 741 2180 clamat
757 2135 865 2180 seram
882 2103 1060 2198 originem.
1086 2112 1138 2179 Ni
1155 2112 1289 2200 egregie
1306 2109 1408 2181 fallor
1424 2110 1488 2181 hoc

204 2225 206 2238 '
311 2217 391 2287 loco
430 2228 549 2287 auctor
587 2215 813 2288 Calchantem
856 2214 922 2286 sibi
961 2215 1062 2286 finxit
1107 2219 1143 2286 in
1182 2219 1344 2288 contione
1384 2217 1489 2288 verba

313 2323 504 2395 facientem.
711 2321 714 2325 ’

400 2434 494 2503 Cum
518 2439 549 2496 B
573 2432 643 2502 322
671 2429 745 2501 duo
769 2430 838 2501 loci
862 2433 1052 2520 comparari
1075 2444 1240 2520 possunt:

311 2548 341 2604 A
363 2543 402 2608 6:
433 2595 440 2609 .
467 2594 474 2608 .
500 2595 507 2608 .
533 2539 825 2628 παραβλήδην
850 2537 1071 2628 οἷγορεύων
1095 2541 1131 2609 in
1155 2541 1317 2610 contione
1341 2538 1491 2610 deorum

313 2672 418 2737 quam
442 2648 514 2716 sine
538 2644 651 2716 dubio
675 2644 901 2735 interpolator
925 2644 1006 2717 fecit
1029 2645 1138 2733 (Rob.
1163 2671 1220 2736 pg.
1238 2648 1327 2734 209)
1357 2659 1390 2717 et

314 2758 342 2820 Θ
370 2751 593 2842 148εἝκτωρ
616 2755 680 2842 γάρ
704 2753 785 2819 ποτε
809 2756 904 2840 φήσει
924 2754 975 2820 ἑνὶ
1001 2757 1142 2843 Τρώεσω
1167 2753 1406 2843 οἷγορεύων,

312 2886 417 2950 quem
440 2886 578 2931 versum
602 2862 703 2930 etiam
726 2859 846 2931 Christ
869 2872 1067 2949 suspectum
1083 2859 1197 2931 habet.
1237 2863 1403 2932 Ceterum
1422 2888 1492 2932 cara

310 2969 412 3037 minis
440 2971 468 3033 Θ
502 2979 622 3038 auctor
644 2966 793 3037 maxime
818 2965 1065 3056 praedilectum
1100 2966 1205 3038 habet
1239 2966 1306 3038 hoc
1341 2968 1492 3039 verbum

316 3073 506 3164 οἷγορεύειν;
530 3072 629 3165 quod
653 3075 772 3163 posuit
798 3078 826 3140 Θ
850 3077 891 3144 4:

472 3180 575 3260 αὐτὸς
600 3182 641 3246 δέ
660 3186 712 3266 σφ’
738 3180 943 3270 α’γόρενε,
967 3189 1044 3247 θεοὶ
1069 3183 1096 3247 d'
1113 3181 1183 3247 οῗπό
1215 3184 1339 3260 πάντες
1357 3180 1493 3260 ἄκουον,

312 3286 440 3358 deinde
457 3299 588 3377 praeter
612 3286 698 3358 alios
724 3313 842 3358 versus
859 3289 921 3377 q'ui
944 3313 1018 3357 non
1041 3290 1077 3357 in
1101 3299 1253 3359 nostram
1275 3291 1495 3376 provinciam

311 3394 487 3466 caduntin
499 3423 531 3466 v.
552 3396 856 3479 Θ29ε...μοίλα
877 3397 942 3484 γοὶρ
962 3395 1494 3485 κρανεραῖςοῖγόρεοσεν(ιι3υἰ

310 3501 545 3592 respondebat
561 3501 760 3582 οἷπέαπεν),·
781 3529 884 3593 porro
901 3507 930 3569 Θ
954 3505 1032 3584 148,
1054 3529 1160 3593 quem
1172 3506 1240 3575 iam
1257 3528 1360 3593 supra
1377 3507 1494 3575 citavi.

401 3611 503 3698 Quae
527 3635 606 3680 cum
627 3611 676 3681 ita
700 3611 769 3680 sint
796 3635 870 3681 non
900 3611 1080 3691 miramur,
1113 3608 1339 3701 quodetiam
1365 3615 1395 3678 Θ
1422 3612 1495 3681 542

311 3717 472 3787 Hectoris
513 3717 623 3786 oratio
663 3727 921 3786 consummatur
968 3715 1117 3789 formula
1160 3716 1261 3806 plane
1299 3738 1393 3788 nova
1445 3715 1496 3794 ὥς

308 3819 466 3911 Ἕκτωρ
501 3821 694 3912 οἷγόρεοε.
744 3824 831 3893 Sane
866 3849 990 3913 magna
1025 3849 1104 3894 cum
1139 3822 1294 3893 libertate
1330 3825 1401 3913 egit
1440 3822 1497 3893 hic

309 3927 390 3998 libri
415 3933 443 3995 Θ
467 3955 561 4000 serus
592 3940 726 4000 auctor:
759 3955 941 4019 nempe-
966 3941 1005 4000 ut
1027 3929 1114 4000 nihil
1138 3928 1251 4000 dicam
1274 3929 1319 4000 de
1350 3929 1498 4002 insolita

311 4036 486 4124 positione
510 4035 656 4106 subiecti
680 4074 713 4084 -
737 4034 843 4106 huius
867 4035 965 4107 verbi
989 4035 1160 4125 οἷγορεύειν
1183 4062 1348 4108 numerus
1373 4039 1498 4127 singus

309 4140 387 4213 laris
416 4140 498 4213 alibi
523 4141 628 4212 semel
651 4153 785 4212 tantum
810 4140 1002 4216 admittitur
1034 4150 1061 4208 Σ
1084 4144 1172 4213 310:
1198 4142 1242 4223 οἳς
1263 4141 1386 4232 Ἕκτωρ
1416 4143 1499 4227 0276-

309 4275 381 4338 ρουε
405 4250 441 4318 in
465 4250 650 4319 »contione
666 4250 931 4320 Troianorum«.
969 4252 1065 4321 Haec
1089 4248 1164 4321 duo
1188 4252 1336 4321 carmina
1352 4253 1500 4322 novicia
