3092 5134
769 512 994 580 ...16-

509 705 574 785 aloc
599 705 618 771 ὅ
640 705 747 774 ταῦθ’
772 704 928 794 ὅρμαινε,
952 708 1061 794 τόφρα
1085 708 1123 773 δὲ
1149 760 1155 773 .
1183 760 1188 772 .
1216 759 1222 773 .

294 812 337 884 cf.
361 815 463 885 etiam
489 821 520 879 Τ
541 815 630 884 242:

405 919 514 987 αὐτίκ’
538 919 653 987 ἔπειθ’
677 917 750 1005 ἅμα
773 924 885 1005 γοΐθος
910 918 967 1008 ἔην
989 920 1160 987 τετέλεστό
1182 946 1219 986 τε
1242 918 1346 1008 ἔργον,

294 1025 393 1118 quod
425 1028 576 1098 imitatur
608 1024 814 1098 Herodotus
847 1030 897 1097 III
926 1027 1005 1107 134,
1037 1038 1071 1097 et
1097 1054 1117 1110 γ
1140 1028 1198 1107 62,
1230 1026 1259 1096 si
1290 1026 1474 1115 sequimur

293 1133 486 1215 lectionem,
512 1158 617 1224 quam
634 1135 819 1222 proposuit
834 1131 991 1214 Classen,
1017 1131 1116 1204 Uber
1131 1132 1201 1204 den
1216 1130 1311 1204 hom.
1326 1131 1473 1221 Sprachz

293 1239 468 1330 gebrauch
492 1266 569 1330 pag.
588 1242 651 1311 31:

566 1345 609 1426 o‘ic
632 1344 688 1436 ἄρ’
710 1347 859 1414 ἓπείτ’
881 1346 996 1438 ἠρᾶτο,
1019 1356 1180 1418 καλ...

383 1476 483 1544 luvat
518 1474 619 1543 etiam
650 1470 749 1561 plura
780 1473 816 1542 in
847 1473 1139 1561 comparationem
1169 1498 1302 1544 vocare.
1357 1473 1473 1543 Simile

293 1578 397 1650 limus
436 1591 486 1650 est
524 1578 622 1650 locus
662 1579 860 1651 Platonicus
899 1577 1051 1668 Euthyd.
1083 1581 1153 1650 277
1179 1583 1225 1651 B:
1276 1590 1333 1647 καῖ
1372 1578 1470 1648 οὔπω

293 1688 424 1776 σφόδρα
458 1713 490 1784 το
524 1691 633 1753 ταῦτα
669 1690 777 1776 εἴρητο
811 1691 859 1776 τῷ
968 1697 1026 1752 καὶ
1163 1685 1334 1758 Conferas
1365 1690 1471 1759 etiam

293 1792 453 1865 Colluthi
493 1792 630 1883 ἁρπαγή
669 1798 727 1882 τῆς
758 1793 886 1880 Ἑλένης
929 1796 1013 1864 166;
1058 1792 1152 1861 οὔπω
1190 1799 1302 1880 μῦθος
1341 1793 1470 1882 ἔληγεν,

209 1899 211 1907 ⁴
294 1898 376 1967 toa
492 1912 525 1971 et
549 1903 674 1970 Nomii
697 1927 835 1971 versum
858 1902 1009 1989 Dionys,
1033 1903 1134 1971 XXX
1162 1903 1246 1972 106:
1278 1903 1374 1987 μόγις
1397 1900 1468 1968 κτλζ

293 2005 391 2077 Idem
415 2009 617 2096 exprimitur
640 2007 805 2096 particula
828 2009 957 2093 μεταξύ
989 2009 1026 2077 in
1050 2007 1133 2078 Plat.
1159 2006 1311 2096 Euthyd.
1336 2010 1406 2079 275
1420 2010 1469 2078 E:

292 2125 349 2180 καὶ
374 2113 481 2181 αὐτοῦ
503 2115 629 2200 peralto*
654 2119 764 2181 ταῦτα
789 2116 950 2198 λέγοντος,
975 2116 996 2184 i.
1019 2141 1047 2184 e.
1072 2117 1215 2186 »mitten
1238 2113 1469 2197 dazwischen,

292 2219 457 2293 wahrend
508 2248 544 2292 er
593 2221 685 2293 noch
730 2220 879 2292 redete«.
950 2220 1110 2292 Similiter
1153 2220 1344 2293 Aeschines
1390 2233 1468 2310 περὶ

293 2335 569 2418 παραπρεσβείας
608 2331 626 2416 §
666 2331 751 2401 106:
797 2333 907 2396 ταῦτα
951 2331 982 2396 δ’
1019 2331 1101 2415 ἐμοῦ
1146 2329 1272 2415 parabi
1316 2331 1469 2412 λέγοντος

294 2434 430 2526 α’ναβοᾷ
459 2491 466 2506 .
492 2492 533 2507 ..
595 2435 750 2507 Eandem
796 2435 1011 2506 functionem
1056 2434 1161 2506 habet
1206 2434 1371 2525 particula
1418 2434 1468 2502 ἔτι
1532 2512 1533 2531 3

293 2569 371 2614 cum
407 2544 587 2632 participio
624 2545 825 2623 coniuncta;
863 2542 905 2613 cf.
937 2543 1138 2614 Charitonis
1168 2541 1280 2631 Aphr.
1312 2541 1468 2614 fabulam

292 2650 336 2720 de
372 2648 526 2721 Chaerea
562 2661 595 2720 et
629 2648 807 2722 Callirhoe
843 2653 875 2720 Il
908 2651 973 2736 §6
1005 2661 1038 2720 et
1071 2653 1105 2719 X
1137 2651 1219 2736 §4:
1256 2651 1381 2728 πάντες
1417 2649 1466 2715 ἔτι

292 2759 442 2839 λέγοντος
469 2756 576 2824 αὐτοῦ
607 2768 640 2827 et
663 2760 712 2827 IX
743 2758 824 2843 §42
855 2762 965 2824 ταῦτα
991 2755 1038 2824 ἔτι
1062 2758 1251 2845 λογιζούσης
1277 2755 1381 2844 αὐτῆς

293 2862 496 2935 Particulam
520 2862 597 2953 ἄρα
621 2862 811 2935 exhibitam
834 2865 952 2934 inveni
975 2862 1019 2934 ab
1042 2861 1180 2934 Achille
1196 2865 1298 2935 Tatio
1314 2863 1467 2934 Alexam

252 2983 259 2988 ’
292 2969 394 3041 drino
432 2973 469 3041 in
507 2969 576 3042 fab.
613 2969 657 3041 de
693 2973 845 3059 Lycippa
885 2982 918 3041 et
951 2970 1167 3059 Clitophone
1202 2972 1349 3052 V11‚32
1388 2968 1466 3057 ἄρτι

291 3079 446 3166 λεγούσης
470 3077 619 3166 αὕτῆς.1)

382 3188 478 3256 Haec
503 3184 667 3273 particula
697 3183 772 3276 ἄρα
797 3184 867 3256 fere
900 3187 1059 3275 congruit
1090 3211 1167 3256 cum
1192 3184 1356 3274 particula
1381 3184 1465 3271 ἅμα,
1530 3154 1531 3173 i

292 3317 381 3382 quae
406 3303 486 3380 post
510 3294 707 3362 Homerum
732 3294 861 3362 eximio
886 3290 994 3362 modo
1018 3290 1174 3363 adhibita
1205 3304 1256 3362 est
1279 3291 1323 3362 ad
1346 3292 1384 3364 id
1409 3319 1466 3362 exa

234 3419 240 3434 '
292 3396 530 3486 primendum,
567 3396 666 3488 quod
698 3398 839 3479 accidit,
870 3397 956 3469 dum
986 3411 1148 3488 properat
1178 3401 1299 3469 oratio.
1354 3400 1466 3470 Semel
1529 3482 1530 3487 γ

291 3503 328 3576 id
355 3502 426 3590 ἅμα
451 3503 575 3594 legitur
598 3507 635 3575 in
658 3504 820 3594 Odyssea
844 3527 865 3571 σ
887 3507 975 3576 356:
999 3497 1066 3595 'id'
1083 3504 1156 3591 ἅμα
1172 3533 1208 3572 τε
1223 3509 1464 3595 προσέειπενῩ)

293 3610 360 3682 Sed
384 3610 441 3682 ille
464 3638 583 3683 versus
615 3623 665 3684 est
688 3639 730 3682 ex
753 3614 806 3693 iis,
831 3611 893 3682 ubi
917 3612 1119 3700 exprimitur
1142 3639 1221 3684 eum
1245 3615 1308 3703 qui
1327 3612 1465 3684 locutus

292 3730 342 3789 est
373 3720 523 3791 statim
554 3718 599 3790 ad
631 3718 732 3791 aliam
764 3745 947 3808 personam
977 3718 1082 3791 verba
1109 3718 1228 3790 facere.
1276 3724 1398 3811 ltaque
1427 3722 1465 3790 in

291 3824 358 3896 hoc
382 3852 483 3897 versu
506 3823 580 3912 ἅμα
605 3825 674 3897 fere
698 3828 769 3897 vim
792 3824 898 3897 habet
921 3825 1106 3914 particulae
1131 3825 1264 3904 αὐτίκα,
1288 3853 1369 3899 nam
1391 3853 1465 3898 non

292 3931 416 4003 eodem
432 3944 586 4022 tempore
610 3932 697 4004 duas
720 3959 886 4022 personas
910 3931 1042 4022 alloqui
1067 3945 1201 4022 poterat
1217 3933 1464 4022 Eurymachus.

383 4183 409 4253 l)
431 4181 464 4240 cf.
484 4185 569 4255 Verg.
588 4186 663 4240 Aen.
684 4186 722 4240 111
742 4187 809 4240 655:
834 4186 893 4239 Vix
912 4203 944 4240 ea
963 4183 1037 4240 latus
1056 4193 1122 4249 erat,
1142 4205 1255 4241 summo
1275 4204 1339 4240 cum
1364 4194 1464 4243 monte

290 4271 421 4330 videmus
440 4282 491 4330 etc.

380 4362 409 4432 2)
427 4359 461 4419 cf.
478 4364 535 4434 Ap.
555 4360 650 4420 Rhod.
672 4364 713 4419 lV
734 4365 814 4419 1599:
834 4352 849 4431 'l
868 4369 898 4435 ρ’,
917 4363 974 4433 ἅμα
992 4367 1017 4416 δὲ
1037 4408 1043 4419 .
1064 4408 1069 4419 .
1090 4408 1096 4419 .
