3092 5134
725 501 949 569 ..53-

250 701 337 769 Duo
361 701 465 789 igitur
488 709 699 787 usurpantur
722 695 827 768 verba
850 693 990 767 dicendi
1015 696 1123 776 λέγοιν
1154 704 1187 764 et
1218 695 1422 778 πιφούσιιειν

250 808 454 895 (utrumque
489 807 601 891 recc.).
682 805 814 875 Nonne
851 800 975 873 eodem
1010 803 1083 872 iure
1119 800 1201 871 alter
1235 799 1290 870 hic
1327 826 1422 870 serus

249 912 474 1002 interpolator
498 911 610 982 dicere
634 922 784 1001 poterat:
816 935 874 980 »er
897 920 990 998 sagte
1013 907 1081 980 viel
1099 907 1296 997 Erlogenes,
1321 934 1356 977 es
1372 906 1422 976 als

248 1019 558 1110 wahrheitsgemiiss
598 1015 830 1089 erzahlend«?
863 1019 943 1086 Hoc
984 1017 1011 1085 si
1052 1013 1269 1095 conceditur,
1300 1042 1319 1080 τ
1351 1015 1421 1084 203

250 1126 452 1216 explanatus
484 1136 544 1196 est.
590 1129 654 1195 Me
678 1150 784 1213 porro
807 1122 900 1193 hunc
924 1147 1061 1193 versum
1085 1148 1158 1192 non
1181 1123 1305 1192 iniuria
1328 1132 1422 1209 posts

248 1232 424 1304 homerico
449 1244 571 1321 poetae
595 1230 744 1302 tribuere
766 1240 898 1320 praeter
921 1228 986 1300 alia
1010 1255 1099 1318 quae
1123 1231 1192 1299 iam
1216 1230 1316 1299 citavi
1340 1253 1420 1298 cone

248 1339 402 1410 firmatur
426 1338 511 1411 mihi
535 1338 673 1410 duabus
696 1337 818 1408 rebus:
851 1416 853 1423 ¹

166 1495 175 1514 ι
299 1466 335 1552 1)
360 1467 540 1555 participio
563 1467 668 1547 λέγων
693 1462 753 1550 (cf.
779 1488 851 1552 cap.
876 1463 995 1547 XIX);

293 1591 332 1677 2)
358 1617 410 1670 eo,
428 1588 526 1679 quod
542 1617 562 1654 τ
578 1590 648 1659 203
666 1587 776 1658 factus
793 1599 843 1658 est
863 1585 908 1657 ad
925 1585 1099 1675 exemplar
1114 1613 1232 1657 versus
1251 1586 1421 1657 Hesiodei

353 1696 486 1786 (theog.
512 1698 594 1782 27):

407 1824 501 1913 ἴδμεν
526 1822 657 1910 ψεύδεα
682 1801 792 1887 πολλοὶ
817 1821 925 1902 λέγειν
948 1819 1116 1903 ἐτύμοισιν
1141 1818 1250 1904 ὁμοῖοι.

247 1945 359 2017 Vides
386 1946 666 2034 interpolatorem
696 1944 784 2015 nihil
814 1957 945 2015 mutare
977 1943 1140 2015 debuisse
1171 1947 1237 2015 nisi
1267 1947 1362 2030 ἴδμεν
1386 1948 1422 2033 in

246 2058 335 2119 ἴσκεν
367 2065 400 2123 et
422 2055 530 2135 λέγειν
561 2055 597 2123 in
620 2054 734 2135 λέγων.
784 2055 865 2122 Hoc
897 2051 1007 2124 modo
1039 2053 1139 2122 etiam
1171 2077 1421 2141 supervacanea

246 2159 335 2230 facta
374 2172 424 2230 est
469 2159 643 2231 arbitraria
688 2158 746 2229 illa
785 2161 998 2240 coniectura,
1045 2184 1167 2248 quam*
1189 2159 1422 2250 promulgavit

249 2270 436 2337 Buttmann
460 2265 566 2337 Lexil.
592 2269 624 2336 Il
649 2292 706 2355 pg.
732 2268 777 2336 83
803 2292 892 2355 sqq„
923 2265 1029 2336 fuis‘se
1061 2264 1105 2336 ad
1136 2274 1244 2332 εἰπεῖν
1275 2266 1421 2337 formam

246 2386 416 2445 vetustam
439 2379 551 2440 ἴοιιεν
575 2375 663 2444 sicut
685 2377 765 2456 ἴσχω
790 2371 834 2443 ad
859 2371 932 2456 ἔχω.

336 2498 524 2588 Reliquum
548 2509 598 2569 est
615 2510 653 2568 ut
669 2495 809 2587 afferam
826 2496 1001 2568 Theocriti
1022 2508 1055 2567 et
1070 2499 1141 2586 Ap.
1159 2497 1290 2569 Rhodii
1313 2499 1423 2581 locos,

246 2605 308 2676 ubi
353 2605 420 2677 hoc
464 2605 610 2676 verbum
652 2609 756 2671 ἴσκειν
806 2603 997 2691 (ιάἰεεῑε«)
1037 2607 1227 2677 invenitur:
1275 2604 1422 2677 Theocr.

245 2717 346 2783 XXII
375 2714 459 2782 167:
492 2717 582 2779 ἴσκον
612 2714 727 2779 τοιάδε
759 2714 888 2788 πολλοί,
921 2737 994 2800 quo
1025 2711 1105 2783 loco
1136 2714 1209 2783 sine
1233 2712 1345 2784 dubio
1368 2716 1422 2785 vis

245 2818 459 2909 »loquendi«
483 2821 689 2908 agnoscitur.
740 2821 830 2890 10ὶεῙὶε
854 2821 1000 2888 occurrit
1023 2817 1118 2908 apud
1141 2820 1211 2907 Ap.
1231 2807 1422 2903 Rhodium,

245 2926 320 2997 cf.l
346 2929 433 2997 834:
459 2931 547 2993 ἴσκεν
572 2926 812 3011 &patrumm
838 2927 942 3011 φόνου
964 2927 1066 3004 τέλος,
1092 2938 1263 3015 praeterea
1287 2930 1319 2997 ΙΙ
1338 2929 1421 3010 240,

249 3034 358 3114 1199;
384 3036 434 3103 Ill
453 3035 534 3114 396,
558 3035 641 3114 439,
665 3035 754 3113 484;
780 3027 831 3103 Ill
850 3034 930 3112 555,
948 3034 1036 3112 937;
1063 3036 1116 3103 lV
1132 3034 1189 3114 92,
1206 3035 1289 3114 410,
1310 3035 1420 3114 1584;

245 3167 317 3211 uno
341 3140 420 3211 loco
446 3145 497 3211 Ill
523 3142 591 3211 555
617 3139 758 3210 nudum·
781 3138 927 3211 verbum
958 3145 1026 3205 ἴσκε
1058 3138 1257 3221 exhibetur;
1291 3145 1323 3212 ll
1349 3144 1422 3213 240

245 3246 438 3318 subiectum
471 3246 643 3318 adiectum
675 3259 741 3326 est;
778 3246 883 3318 semel
915 3250 965 3317 Ill
996 3249 1068 3317 439
1100 3247 1304 3319 adverbium
1336 3248 1420 3336 οἷπη-

244 3356 361 3436 λογέως
393 3352 552 3424 additum
582 3365 641 3425 est.
688 3355 822 3424 Ceteris
853 3353 938 3423 locis
969 3353 1165 3425 adiciuntur
1195 3358 1287 3426 varia
1318 3358 1420 3445 partis

244 3463 333 3549 cipia
357 3488 446 3550 quae
469 3460 525 3531 hic
550 3487 746 3532 enumerare
770 3460 867 3530 nolo.
1319 3451 1321 3455 ’

333 3589 416 3657 Post
442 3584 761 3656 Alexandrinorum
797 3597 940 3657 aetatem
975 3591 1077 3653 ἴσκειι
1113 3586 1285 3660 oblivioni
1315 3588 1419 3660 tradis

244 3705 319 3763 tum
343 3704 403 3764 est.

332 3807 663 3888 Luculenternobis
685 3817 752 3888 hoc
777 3817 885 3889 verbo
910 3817 1181 3901 demonstratur,
1211 3848 1284 3911 quo
1308 3794 1418 3893 modo

243 3924 292 3995 illi
324 3923 419 3995 docti
441 3923 671 3996 Alexandrini
706 3925 849 3996 voculas
884 3925 1048 3997 obscuras
1083 3938 1116 3998 et
1151 3928 1339 4018 singulares
1375 3956 1417 4000 ex

244 4032 405 4122 catalogis
431 4044 463 4103 et
485 4031 661 4103 indicibus
684 4032 870 4104 verborum
895 4031 1089 4105 effoderint.
