3092 5134
744 492 971 561 ..42-

362 687 526 757 Ceterum
551 685 594 757 cf.

433 792 478 865 ad
502 803 537 859 A
561 795 632 863 584
656 792 745 863 Rob.
771 818 829 882 pg.
855 793 936 862 216.

456 898 1147 980 wm»»fflfflm

432 1015 463 1072 E
488 1008 551 1076 lll
578 1017 612 1076 et
635 1007 705 1077 607
722 1039 734 1068 ι
750 1006 934 1093 Διομήδους
958 1004 1126 1094 α’ριοτείαΙ

433 1112 477 1184 ad
505 1120 536 1178 Φ
563 1114 630 1183 136
654 1111 697 1183 cf.
723 1110 813 1182 Rob.
837 1137 894 1202 pg.
919 1113 990 1182 228

455 1244 475 1281 2
520 1221 646 1290 01502
681 1244 701 1281 »
771 1243 792 1280 »
871 1243 892 1280 »
935 1220 1005 1290 233
1030 1225 1247 1305 (θεομαχίαῐ)

274 1349 376 1436 Quae
426 1371 505 1415 cum
544 1346 590 1415 ita
632 1346 717 1424 sint,
768 1342 1015 1415 recentioribus
1066 1344 1208 1416 demum
1244 1345 1451 1417 Homeridis
1535 1358 1536 1367 ’

273 1451 447 1524 vindicare
485 1451 564 1521 licet
597 1449 684 1522 hanc
720 1449 915 1522 formulam.
973 1454 1102 1541 Neque
1137 1451 1264 1524 desinit
1302 1479 1451 1525 crescere

274 1561 347 1630 eius
379 1557 572 1648 frequentia
604 1556 698 1646 apud
730 1559 911 1647 epigonos.
959 1560 1137 1629 Invenitur
1164 1571 1295 1631 autem:
1328 1559 1449 1648 hymn.

273 1668 309 1736 in
332 1665 453 1755 Apoll.
479 1666 541 1744 83;
566 1664 685 1752 hymn.
709 1665 745 1734 in
769 1666 848 1735 Cer.
875 1666 938 1744 59;
971 1663 1119 1737 batrach.
1147 1668 1227 1747 177,
1255 1668 1333 1748 197,
1358 1669 1429 1738 285
1441 1699 1449 1748 ;

273 1771 368 1861 apud
391 1773 462 1860 Ap.
488 1770 604 1842 Rhod.
632 1773 732 1852 17¹4,
760 1770 855 1860 apud
880 1771 1134 1843 Callimachum
1164 1772 1282 1861 hymn.
1306 1775 1343 1844 in
1366 1773 1450 1844 Del.

273 1883 338 1959 99;
374 1881 410 1949 in
441 1877 583 1949 Moschi
614 1877 822 1949 carminibus
853 1881 889 1948 V
922 1880 967 1948 56
1000 1889 1034 1949 et
1062 1883 1130 1949 XX
1165 1882 1218 1960 14,
1249 1879 1344 1969 apud
1374 1883 1450 1970 Qu.

275 1988 499 2074 Smyrnaeum
527 1987 626 2056 l8i‘¹¹⁵.

362 2110 422 2182 Ad
446 2109 533 2181 hanc
565 2108 750 2181 formulam
782 2112 890 2181 Hom.
923 2122 957 2182 et
978 2110 1193 2200 Apollonius
1226 2110 1342 2182 Rhod.
1367 2111 1451 2183 subs

273 2219 399 2288 iectum
423 2242 597 2306 nusquam
620 2215 766 2297 addunt,
793 2228 827 2287 at
848 2215 967 2304 hymn.
991 2219 1028 2286 in
1051 2219 1130 2288 Cer.
1155 2230 1274 2289 auctor
1296 2218 1451 2308 neglexit
1535 2296 1536 2303 χ

274 2323 367 2394 illam
390 2323 501 2413 legem
524 2324 561 2393 in
583 2350 616 2394 v.
642 2326 706 2403 59,
737 2325 819 2394 item
847 2322 996 2395 batrach.
1021 2335 1123 2412 poeta
1151 2326 1217 2394 177
1242 2336 1275 2395 et
1299 2326 1380 2406 277,
1403 2352 1449 2396 ex
1535 2312 1536 2337 ¹

275 2456 348 2519 quo
372 2430 483 2501 elucet
505 2428 592 2500 -id
616 2428 716 2519 quod
740 2441 922 2500 constat-
947 2429 1004 2501 illa
1021 2442 1179 2520 poemata
1203 2442 1283 2519 post
1300 2434 1451 2502 Homeri

274 2536 416 2608 demum
439 2549 575 2627 tempus
600 2535 687 2607 facta
711 2563 795 2607 esse.
818 2627 824 2639 ¹

364 2666 497 2733 Praeter
518 2661 604 2733 hanc
629 2660 814 2733 formulam
837 2663 874 2733 in
897 2689 952 2733 eas
974 2688 1061 2751 quas
1082 2673 1265 2733 tractamus
1282 2661 1451 2735 formulas
1534 2700 1535 2741 c

275 2769 344 2855 ἔφη·
363 2795 435 2839 non
456 2768 651 2842 admissum
675 2780 725 2839 est
747 2771 786 2838 in
809 2781 878 2840 arte
903 2771 999 2859 epica
1023 2771 1173 2859 exceptis
1197 2769 1250 2840 his
1273 2770 1451 2842 versibus:

273 2874 411 2947 Callim.
436 2878 489 2945 IV
512 2877 600 2946 249:
632 2874 738 2963 ἣμὲν
762 2874 842 2963 itm
878 2875 953 2947 ibid
977 2879 1013 2946 V
1049 2878 1112 2953 823
1145 2875 1253 2962 ὃμὲν
1277 2875 1352 2962 ἔφα.
1398 2879 1450 2948 si,

273 2981 397 3053 militer
421 2983 539 3072 posuit
561 2981 829 3072 Tryphiodorus
854 2980 908 3049 ἅλ.
933 2981 1026 3048 Ἰλίου
1049 2983 1138 3053 4l7:
1162 2981 1185 3071 ἣ
1206 2990 1269 3069 μὲν
1293 2982 1363 3071 ἔφη.

364 3109 507 3197 Saepius
531 3105 641 3178 forma
657 3105 717 3194 ἔφη
743 3106 1003 3195 ascriptoribus
1027 3109 1162 3178 eroticis
1185 3111 1334 3179 orationi
1352 3108 1450 3180 nude

274 3215 506 3305 postponitur.
554 3214 606 3284 Sic
630 3213 698 3304 legi
721 3212 859 3284 Theod.
876 3213 920 3285 de
944 3212 1035 3284 Rod.
1053 3226 1086 3285 et
1109 3217 1198 3285 Dos.
1215 3223 1252 3280 H
1273 3217 1360 3286 361:
1385 3215 1448 3304 ἔφη

272 3321 453 3408 Ῥοδάνθη,·
470 3323 550 3391 Nic.
563 3319 632 3391 fab.
647 3320 690 3391 de
704 3323 810 3391 Dros.
824 3332 857 3391 et
869 3320 973 3392 Char.
986 3330 1017 3386 E
1031 3322 1175 3409 127s28:
1193 3320 1253 3409 ἔφη
1267 3324 1449 3412 Δρόσιλλα,

274 3427 310 3499 id
335 3426 434 3517 quod
464 3426 559 3517 apud
591 3430 766 3516 prosaicos
798 3440 832 3499 et
862 3427 986 3516 lyricos
1016 3428 1157 3518 vulgare
1189 3441 1249 3500 est.
1297 3432 1350 3501 Sic
1373 3429 1450 3501 fieri
1532 3460 1533 3467 ¹

274 3537 399 3625 potuit,
423 3547 462 3606 ut
484 3534 595 3606 forma
618 3533 678 3622 ἔφη
704 3537 793 3606 sicut
814 3528 836 3623 ἤ
859 3535 954 3625 apud
978 3535 1056 3606 illos
1080 3575 1113 3585 -
1138 3538 1225 3625 quin
1248 3537 1349 3607 etiam
1365 3535 1450 3607 inde

274 3670 316 3713 ex
328 3641 646 3713 Alexandrinorum
662 3641 879 3731 temporibus
895 3642 1069 3714 interdum
1085 3644 1153 3714 iam
1168 3643 1263 3733 apud
1280 3645 1396 3734 epicos
1413 3683 1449 3694 -

273 3752 310 3820 in
333 3751 505 3820 orationes
528 3751 619 3839 ipsas
644 3775 704 3839 per
726 3750 1025 3838 interpositionem
1047 3749 1225 3821 invaderet
1252 3749 1308 3833 (cf.
1333 3775 1406 3839 cap.
1433 3756 1448 3822 l

274 3861 382 3938 extu).

363 3983 505 4052 Nicetas
536 3992 587 4051 est
616 3979 678 4051 ubi
709 3979 778 4051 sibi
809 3983 999 4070 permiserit
1029 3979 1214 4053 formulam
1237 3981 1336 4069 ἔφησε
1367 3995 1451 4071 post

274 4091 465 4160 orationem
488 4086 544 4170 (cf.
568 4096 599 4153 E
620 4089 708 4168 240;
733 4095 763 4153 Z
785 4089 880 4169 266).

362 4212 422 4284 Ab
446 4214 497 4293 iis,
530 4213 592 4302 qui
616 4223 696 4300 post
720 4215 916 4283 Homerum
940 4239 1041 4284 versu
1064 4213 1204 4284 heroico
1228 4215 1448 4304 scripserunt,

274 4320 510 4411 frequentatur
541 4317 652 4389 forma
683 4324 746 4406 φῆ,
780 4345 868 4408 quae
898 4321 936 4390 in
967 4318 1174 4391 carminibus
1207 4324 1316 4392 Hom.
1342 4322 1449 4393 semel
