3092 5134
766 426 993 546 ,1‘4-

294 687 327 745 et
365 674 504 763 supplet
542 671 687 763 aliquid.
751 674 938 760 Scriptores
976 667 1138 740 hodierni
1182 667 1276 739 idem
1315 667 1478 738 efficiunt

294 779 653 872 plusquamperfecto,
692 791 725 849 at
764 780 800 848 in
839 781 998 848 Homero
1033 802 1105 848 uno
1139 788 1274 846 tantum
1307 775 1386 845 loco
1421 777 1479 845 ine

293 890 429 958 venitur
453 885 626 957 eiusmodi
649 884 775 956 dictio:

294 1021 318 1060 ω
336 995 425 1064 45οε
452 993 494 1072 ὥς
511 995 607 1079 puicu,
631 993 709 1071 roric
725 991 755 1059 δ’
772 990 840 1080 ἄρα
859 993 993 1069 πάντας
1010 990 1081 1057 aad
1098 991 1228 1077 χλωρόν
1254 991 1326 1068 δέος
1349 987 1371 1086 ᾔ
1378 1017 1442 1076 ρει
1456 1017 1478 1055 ν

294 1102 379 1191 (legi
402 1099 636 1190 respondebat
660 1098 782 1185 εἷλεν);
822 1097 901 1168 »die
926 1096 1007 1168 aber
1029 1123 1144 1168 waren
1168 1096 1231 1167 alle
1256 1095 1478 1166 schreckenss

294 1207 408 1278 bleich
438 1205 659 1297 geworden.«
714 1204 928 1291 (Formulam
959 1230 1032 1274 non
1063 1206 1109 1274 ita
1139 1228 1264 1274 raram:
1299 1201 1342 1281 dic
1373 1205 1477 1288 φάτο,

293 1314 374 1403 ἣδε
397 1354 430 1364 -
455 1353 488 1363 -
512 1315 720 1401 βεβήκειν
751 1315 810 1383 vix
841 1310 909 1382 huc
941 1310 1063 1381 referre
1094 1309 1238 1396 licebit.)
1284 1311 1334 1380 At
1356 1323 1478 1380 tamen

294 1423 410 1493 inveni
444 1423 480 1491 in
510 1422 706 1490 recentioris
742 1421 859 1489 aetatis
895 1416 1103 1488 carminibus
1136 1419 1331 1487 Homericis
1363 1416 1477 1498 locOS,

295 1527 425 1619 quibus
456 1553 510 1597 me
541 1525 656 1598 iudice
687 1528 835 1597 aoristus
868 1522 1196 1615 plusquamperfecti
1227 1525 1262 1593 vi
1295 1521 1476 1612 praeditus

295 1648 354 1705 est.
410 1633 477 1706 Sed
509 1659 647 1724 nequeo
679 1632 791 1703 fusius
822 1634 858 1702 in
889 1631 976 1702 hanc
1007 1657 1079 1701 rem
1109 1632 1300 1721 inquirere,
1331 1655 1374 1699 ne
1405 1629 1476 1700 alia
1532 1658 1534 1721 ξ

233 1805 235 1808 ,
294 1743 451 1831 graviora
475 1742 794 1830 praetermittantur.
1532 1724 1533 1753 ³

383 1846 513 1919 Adhuc
537 1848 674 1919 locutus
707 1873 784 1917 sum
815 1845 859 1916 de
892 1845 1125 1925 conclusione,
1149 1855 1268 1925 restat,
1300 1855 1339 1914 ut
1369 1845 1476 1914 etiam

294 1954 539 2026 inductionum
563 1980 665 2024 usum
697 1951 868 2044 loquendi
892 1963 1152 2041 perscmtemur.
1200 1955 1327 2021 Rerum
1351 1963 1475 2021 natura

294 2061 415 2134 datum
447 2074 497 2132 est
527 2074 667 2151 poetam
690 2060 745 2130 hic
778 2059 876 2130 facile
906 2059 962 2129 vel
986 2057 1120 2129 adiecto
1152 2060 1332 2147 participio
1368 2059 1475 2147 signi=

295 2169 394 2239 ficare
419 2194 532 2257 posse,
564 2166 651 2258 quid
676 2169 782 2257 egerit
804 2169 844 2247 is,
869 2167 930 2256 qui
954 2164 1058 2236 verba
1082 2163 1171 2235 fecit.
1217 2166 1330 2254 Atqui
1353 2190 1474 2234 rursus

295 2274 433 2347 ostendi
479 2287 594 2364 potest
627 2268 834 2345 ⁵recentiores
874 2284 1029 2343 auctores
1068 2272 1179 2342 multo
1218 2274 1326 2361 magis
1365 2297 1474 2361 quam

295 2385 498 2453 vetustiores
529 2380 566 2453 id
592 2408 732 2470 operam
756 2379 905 2461 dedisse,
930 2391 968 2449 ut
991 2380 1177 2468 participiis
1209 2376 1336 2448 additis
1367 2375 1474 2448 nobis

294 2489 515 2579 loquentium
539 2500 655 2559 motus
679 2500 718 2558 ut
741 2489 895 2576 corporis
918 2489 964 2557 ita
988 2487 1092 2556 animi
1117 2484 1160 2565 ad
1185 2484 1306 2556 oculos
1327 2483 1474 2554 demon=

296 2608 447 2667 strarent.
495 2599 561 2666 Pro
585 2593 701 2665 multis
726 2592 886 2666 adscribo
911 2619 1021 2663 unum
1045 2590 1242 2681 exemplum

455 2709 491 2768 H
512 2705 640 2788 94l95:
912 2753 918 2767 .
946 2754 952 2766 .
979 2753 985 2767 .
1011 2710 1069 2766 καὶ
1092 2711 1265 2785 μετέειπεν

455 2820 554 2876 νείκει
580 2807 763 2887 ὀνειδίζων,
787 2819 874 2893 μέγα
899 2808 937 2873 δὲ
960 2809 1167 2890 στεναχίζετο
1191 2810 1302 2895 θυμῷ,

296 2916 338 2987 cf.
363 2918 465 2989 etiam
487 2926 517 2982 A
544 2918 622 2997 154,
647 2923 678 2981 Κ
702 2916 773 2986 390
797 2916 871 2985 sim.

385 3022 426 3093 Id
450 3049 523 3093 non
550 3025 731 3102 miramur,
763 3020 824 3092 sed
856 3019 899 3091 ad
931 3022 1038 3109 magis
1069 3019 1308 3108 complicatam
1339 3031 1372 3090 et
1394 3020 1472 3090 artie

296 3130 450 3201 litiosam
481 3128 670 3201 dictionem
701 3128 797 3200 haud
829 3154 933 3217 parva
963 3153 1042 3199 cum
1066 3126 1208 3198 audacia
1232 3139 1472 3216 processerunt

296 3236 456 3307 nonnulli
479 3238 676 3308 recentioris
700 3237 817 3306 aetatis
842 3233 1055 3305 Homeridae
1087 3235 1339 3322 praemittentes
1370 3235 1472 3322 quasi

295 3370 357 3433 per
380 3343 599 3432 parenthesin
623 3345 771 3413 orationi
795 3340 843 3423 id,
867 3331 967 3432 quod
987 3340 1158 3422 feceritis,
1183 3338 1227 3410 ad
1245 3366 1350 3430 quem
1366 3337 1472 3410 verba

296 3448 501 3540 diriguntur.
558 3448 669 3538 Quod
701 3475 782 3519 sane
812 3475 885 3518 non
915 3447 1050 3518 inficete
1082 3447 1251 3518 feceruntl
1304 3444 1472 3534 Exempla

296 3556 383 3627 infra
407 3556 655 3627 dissertationis
680 3582 799 3626 cursus
832 3554 959 3635 afferet,
990 3553 1062 3635 sed,
1094 3566 1133 3624 ut
1163 3553 1350 3643 intellegas,
1382 3553 1470 3643 quid

296 3664 410 3746 velim,
435 3690 545 3734 unum
567 3662 735 3735 exhibeo:

344 3776 372 3838 Θ
394 3775 435 3842 4:
460 3771 575 3849 Av'cdc
599 3773 640 3838 δέ
660 3779 714 3856 σφ’
738 3770 889 3858 οἷγόρενε,
913 3778 990 3836 θεοῖ
1015 3768 1131 3836 d'v‘rcd
1158 3770 1283 3846 πάντες
1307 3766 1438 3843 ἄκουον,

297 3876 464 3950 accedunt
486 3886 523 3943 Π
543 3880 631 3959 231;
657 3885 687 3944 Ω
715 3879 800 3958 17ος
825 3904 844 3944 κ
867 3879 957 3957 481;
985 3879 1002 3951 ξ
1024 3878 1096 3946 485
1107 3906 1114 3956 ;
1139 3903 1157 3964 ρ
1182 3877 1270 3955 216;
1295 3896 1316 3940 σ
1339 3875 1419 3945 350.

386 3984 512 4056 Modo
528 3983 620 4066 dixi,
652 3983 762 4075 »quid
787 3983 970 4064 feceritis,
1003 3981 1046 4053 ad
1071 3989 1176 4073 quem
1207 3980 1311 4053 verba
1343 3980 1470 4052 directa

297 4103 410 4162 sunt«
473 4094 593 4163 Rarius
631 4091 686 4161 hic
725 4103 842 4181 gestus
881 4089 984 4160 simul
1027 4115 1105 4159 cum
1145 4091 1299 4159 oratione
1338 4087 1469 4169 incidit,

297 4198 502 4288 plerumque
534 4200 752 4269 consecutiva
783 4199 914 4268 ratione
946 4222 1024 4266 cum
1056 4223 1095 4266 ea
1126 4195 1294 4266 cohaeret.
1342 4193 1409 4265 Sed
1432 4195 1469 4264 id

298 4331 545 4394 saepenumero
569 4330 642 4375 non
665 4304 763 4376 facile
787 4304 1000 4374 discernitur.
