3092 5134
552 485 906 554 -53-,

70 682 160 751 inter
183 707 219 750 se
243 678 399 770 quodam
423 678 532 750 modo
557 678 736 749 cohaerere
759 679 846 749 mihi
870 691 1012 761 constat,
1044 678 1106 750 sed
1131 691 1246 749 utrum

69 790 240 858 recentius
265 789 309 858 sit
331 789 390 858 vix
414 785 605 857 discernere
630 785 787 858 audeam.

162 911 352 982 Difficilior
375 911 512 1016 videtur
528 913 686 1000 quaestio
710 910 755 982 de
779 914 812 982 Ξ
825 913 871 980 45
890 923 923 982 et
937 913 996 993 48,
1022 938 1112 1001 quos
1128 937 1246 982 versus

71 1017 164 1089 Rob.
183 1045 239 1108 pg.
265 1020 327 1088 131
360 1007 447 1089 inter
467 1019 725 1107 antiquissimos
744 1029 910 1088 numerat.
944 1017 1011 1089 Sed
1029 1017 1246 1090 cumulantur

69 1125 139 1196 hoc
170 1125 249 1196 loco
280 1127 494 1216 gravamina:
529 1127 562 1194 Ξ
584 1126 715 1195 30-40
738 1136 772 1195 et
794 1127 827 1194 Ξ
847 1126 894 1194 42
925 1127 999 1213 ipse
1024 1125 1114 1195 Rob.
1139 1124 1246 1206 elidit,

68 1235 103 1302 Ξ
125 1234 171 1303 43
196 1244 315 1313 mutat,
346 1234 379 1302 Ξ
398 1233 527 1302 49-51
559 1243 710 1312 exsecat,
743 1244 777 1302 at
807 1234 840 1302 Ξ
859 1233 991 1302 44-48
1022 1234 1058 1302 in
1089 1234 1246 1303 vetustiss

69 1342 157 1411 sima
189 1338 296 1411 Iliade
327 1365 459 1410 servare
491 1338 616 1410 studet.
669 1342 804 1409 Frustra
835 1338 910 1409 illel
959 1342 1011 1410 Ut
1041 1351 1170 1410 taceam
1201 1338 1246 1410 de

68 1474 132 1528 eo,
164 1445 264 1537 quod
296 1449 407 1517 oratio
438 1445 602 1517 indirecta
627 1447 794 1533 (46-47)
826 1457 953 1526 exstat,
984 1445 1070 1516 mihi
1101 1446 1245 1536 quidem
1344 1465 1347 1473 ·

69 1555 230 1644 quaestio
259 1553 303 1624 de
326 1552 380 1624 his
403 1551 560 1625 versibus
584 1555 617 1623 Ξ
637 1555 767 1622 44-48
801 1555 914 1623 statim
945 1552 1067 1623 soluta
1091 1565 1160 1623 erat
1183 1552 1245 1622 obs

68 1663 211 1732 servatis
235 1660 393 1731 formulis

66 1773 101 1838 Ξ
123 1769 188 1838 45:
212 1765 255 1846 ὥς
280 1771 354 1834 που)
378 1768 599 1855 ἐπηπείλησεν
623 1768 673 1834 ἐνὶ
699 1769 841 1857 Τρύεσο)
866 1766 890 1832 οἷ
898 1769 1086 1857 γορεύων

67 1888 102 1947 et
138 1878 171 1945 Ξ
201 1877 248 1945 48
285 1877 322 1962 (1
357 1885 388 1941 B
424 1877 495 1946 330
529 1887 562 1946 et
596 1898 617 1941 σ
646 1876 734 1961 271)
770 1892 875 1954 κεῖνος
909 1877 1021 1940 τόσα
1059 1874 1243 1964 α’γύρευε

68 1982 130 2070 (cf.
156 2009 228 2073 cap.
255 1984 316 2068 ΙΙ).

158 2110 305 2181 Accedit
328 2137 396 2182 una
420 2110 569 2182 formula
592 2109 730 2181 insolita

137 2226 166 2283 Γ
190 2220 274 2288 155:
299 2211 364 2305 ἧκα
390 2220 474 2306 πρός
498 2217 660 2305 α’λλήλους
684 2216 768 2284 ἔπεα
794 2220 963 2305 πτερόεντ’
990 2217 1159 2306 α’γύρευον.

67 2324 320 2414 Exspectabam
335 2324 481 2396 verbum
498 2326 712 2414 προσαυὸάω,
748 2322 848 2413 quod
869 2325 1085 2395 tritissimum
1101 2338 1159 2395 est
1182 2325 1243 2411 (cf.

66 2432 153 2498 ἔπεα
180 2435 361 2520 πτερόεντα
391 2433 589 2522 προσηύδα),
614 2443 648 2502 at
670 2431 816 2502 verbum
847 2431 1018 2520 οἷγορεύειν
1049 2433 1086 2500 in
1116 2429 1244 2502 talibus

66 2541 253 2610 enuntiatis
277 2551 518 2628 perangustam
546 2540 758 2628 provinciam
789 2536 910 2619 habet;
943 2537 1120 2628 analogiae
1151 2541 1243 2609 enim

66 2672 142 2716 non
171 2647 395 2717 inveniuntur
418 2648 484 2716 nisi
506 2648 543 2716 in
567 2644 697 2716 ultimis
722 2644 839 2716 Iliadis
863 2644 959 2716 libris
986 2652 1018 2710 Φ
1048 2647 1127 2725 121,
1150 2647 1241 2741 4273

65 2762 102 2818 X
134 2753 221 2832 377;
260 2762 296 2818 Ψ
326 2755 412 2834 525;
445 2765 566 2843 quater
596 2754 632 2822 in
663 2752 825 2840 Odyssea
858 2781 880 2818 α
911 2754 1062 2838 381λ82;
1102 2755 1122 2819 δ
1156 2754 1241 2834 189;

64 2889 76 2925 ι
101 2861 193 2939 409;
217 2889 235 2948 ρ
260 2862 341 2930 349.
387 2862 552 2931 Ceterum
576 2861 648 2930 sine
672 2858 785 2930 dubio
809 2858 990 2930 obversata
1014 2872 1084 2931 erat
1110 2862 1242 2931 auctori

64 2966 264 3056 complexio
287 2967 387 3039 haec:

235 3073 278 3154 οἳς
303 3080 336 3140 οἳ
354 3080 416 3159 μὲν
439 3080 580 3141 τοιαῦτα
604 3076 689 3162 προς
714 3074 879 3163 ἀλλήλους
903 3074 1072 3164 οἷγύρευον.

64 3185 233 3254 Ceterum
252 3180 413 3252 nonnulli
429 3181 533 3252 codd.
547 3181 701 3252 offerunt
713 3181 798 3252 locis
812 3207 915 3271 supra
927 3183 1036 3253 citatis
1057 3183 1240 3270 προσηύδα,

64 3289 101 3360 id
129 3287 228 3378 quod
252 3288 320 3378 legi
342 3287 540 3378 respondet,
564 3287 626 3359 sed
650 3288 736 3359 nihil
759 3288 967 3360 mutandum
991 3315 1063 3360 esse
1087 3289 1198 3360 elucet

179 3416 214 3500 l)
239 3425 379 3503 propter
402 3414 637 3504 analogiarum
661 3440 855 3496 numerum,

175 3540 214 3625 2)
239 3551 379 3628 propter
413 3541 571 3610 omnium
608 3537 766 3610 locorum
801 3567 892 3629 quos
931 3543 1032 3612 citavi
1072 3552 1241 3611 recentem

67 3657 223 3717 aetatem.

157 3791 192 3860 Si
214 3788 385 3880 recolligis
409 3817 447 3861 ea
471 3817 560 3880 quae
581 3793 739 3880 exposui,
763 3790 807 3861 de
834 3790 939 3862 huius
955 3790 1052 3862 verbi
1070 3791 1240 3879 οἷγορεύειν

65 3907 174 3967 aetate
197 3895 372 3968 dubitatio
396 3896 545 3987 relinqui
568 3923 640 3968 non
664 3909 789 3986 potest,
821 3899 1002 3988 praecipue
1034 3899 1063 3967 si
1093 3897 1241 3969 breviter

65 4002 311 4092 perlustramus
335 4003 516 4091 Odysseae
540 4004 647 4075 locos.
695 4007 829 4094 Quater
855 4003 904 4074 ibi
928 4006 1101 4075 invenitur
1124 4007 1239 4094 singu,

65 4109 145 4180 laris
175 4135 338 4201 numerus
369 4113 467 4182 istius
498 4112 595 4182 verbi
627 4111 807 4201 α’γορεύειν.
857 4113 914 4181 Bis
939 4113 974 4199 (ρ
999 4113 1070 4182 504
1093 4123 1126 4182 et
1151 4115 1238 4199 589)

64 4217 189 4306 legitur
205 4215 227 4304 οἳ
241 4223 303 4302 μὲν
317 4215 369 4307 ἄρ’
387 4217 430 4297 dg
447 4218 470 4284 οἷ
478 4246 498 4302 γ
509 4221 527 4284 ό
536 4246 672 4307 ρευεν,
690 4218 790 4308 quod
803 4218 960 4309 analogia
977 4231 1082 4299 caret;
1099 4221 1240 4309 insuper

65 4335 189 4394 neutro
213 4323 292 4394 loco
316 4327 427 4415 agitur
450 4324 494 4396 de
519 4328 691 4408 contione,
715 4328 823 4397 immo
847 4352 929 4397 vero
953 4325 1112 4400 videmus
1135 4331 1238 4398 Penes
