3092 5134
736 518 776 536 „,
826 488 964 557 20..

353 683 610 773 Interponimus
634 683 726 752 enim
750 708 852 771 saepe
875 681 999 753 mediis
1023 683 1240 755 orationibus
1263 682 1348 754 tales
1372 682 1442 753 fora

263 789 373 860 mulas
409 787 530 879 quales
567 790 603 858 in
639 788 881 878 complexione
917 802 1137 879 usurpantur,
1174 792 1278 861 sicut:
1311 815 1367 853 »-
1399 817 1442 861 so
1525 792 1526 851 ἶ

264 895 385 986 sprach
418 923 453 967 er
476 923 532 960 -c
560 894 843 983 (Gudrunlied);
879 922 935 959 »—
967 922 1006 967 so
1039 910 1132 987 sagte
1164 896 1221 969 die
1252 897 1334 968 Alte
1366 896 1442 968 und

265 1002 386 1092 sprach
410 1005 458 1073 sie
475 1001 655 1073 zufrieden
671 1028 726 1065 -e
751 1004 806 1089 (in
822 1001 960 1085 fabulis,
986 1030 1073 1093 quas
1094 1003 1307 1094 collegerunt
1322 1003 1442 1075 fratres

265 1112 438 1196 Grimm);
479 1135 534 1173 s-
574 1108 648 1180 dies
686 1135 756 1180 war
795 1112 868 1180 sein
906 1110 1202 1200 wamungsvolles
1236 1114 1345 1182 Wort
1384 1138 1442 1175 -α

265 1215 435 1303 (Schiller,
468 1215 503 1288 d.
526 1216 669 1288 verschl.
696 1215 776 1286 Bild
808 1243 851 1287 zu
877 1218 984 1303 Sais);
1017 1243 1072 1280 s·-
1097 1243 1137 1288 so
1160 1217 1251 1289 rufet
1274 1217 1336 1289 der
1358 1218 1442 1290 Alte

265 1325 328 1394 mit
351 1322 603 1395 freundlichem
628 1322 726 1394 Blick
750 1349 806 1386 -e
831 1323 1000 1409 (Goethe,
1026 1323 1209 1411 Balladen)
1233 1336 1267 1396 et
1290 1327 1365 1396 sim.

264 1429 267 1434 ’
356 1433 390 1502 Si
425 1430 507 1501 haec
540 1429 697 1519 exempla
729 1429 923 1518 perlustras,
959 1430 1080 1502 facere·
1103 1457 1176 1502 non
1207 1443 1317 1521 potes,
1354 1434 1442 1522 quin

267 1537 435 1610 concedas
460 1537 686 1610 collocatione
710 1539 888 1608 immutata
904 1536 1081 1619 formulas,
1106 1537 1236 1628 quibus
1252 1538 1318 1610 sub
1335 1539 1442 1610 finem

266 1648 439 1717 orationes
479 1642 726 1734 comprehendi
764 1644 894 1726 solent,
937 1670 997 1733 per
1035 1644 1253 1734 parenthesin
1292 1648 1442 1717 orationi

266 1755 408 1824 insertas
433 1779 516 1822 esse.

357 1862 432 1932 Cur
466 1858 549 1930 haec
585 1861 802 1930 memoravi?
850 1861 945 1948 Quia
977 1859 1097 1931 eadem
1128 1863 1215 1932 ratio
1250 1862 1319 1932 iam
1348 1861 1446 1950 apud

268 1969 431 2057 antiquos
462 1969 645 2037 invenitur.
693 1968 833 2055 Nempe
864 1993 936 2037 non
972 1966 1066 2056 apud
1097 1970 1295 2039 Homerum
1329 1995 1445 2058 neque

197 2121 198 2128 ,
268 2073 363 2163 apud
388 2099 458 2155 eos,
484 2076 545 2163 qui
569 2072 751 2164 diligenter
775 2075 849 2145 eius
876 2075 1020 2163 vestigia
1052 2087 1222 2164 premunt,
1256 2074 1317 2146 sed
1349 2075 1446 2164 apud

268 2183 519 2253 recentissimos
551 2183 667 2269 epicos
704 2183 749 2267 (e.
774 2208 807 2270 g.
832 2179 927 2269 apud
965 2180 1157 2252 Eudociam
1191 2184 1376 2271 poetriam)
1412 2194 1447 2254 et

268 2288 395 2377 lyricos
420 2300 452 2358 et
476 2314 546 2370 eos,
572 2289 633 2378 qui
657 2313 760 2379 prosa
785 2289 941 2359 oratione
966 2290 1183 2377 scripserunt,
1207 2288 1445 2360 desideramus

269 2389 363 2466 illam
379 2397 657 2485 perspicuitatem
673 2406 707 2465 et
723 2393 948 2484 diligentiam,
974 2421 1043 2484 qua
1059 2394 1242 2485 distinguit
1259 2398 1447 2467 Homerica

269 2527 321 2574 ars
346 2504 543 2574 orationum
567 2503 705 2573 initium
729 2513 762 2572 et
786 2501 975 2573 clausulam
999 2529 1017 2572 a
1041 2504 1244 2574 narrationis
1269 2514 1445 2573 contextu.

270 2614 382 2680 Immo
407 2611 518 2681 oratio
536 2611 727 2680 orationem
746 2611 873 2698 excipit
892 2611 1103 2698 interpositis
1127 2620 1262 2680 tantum
1285 2609 1447 2681 formulis

270 2715 342 2804 ἔφη,
366 2707 388 2804 ἤ
413 2717 443 2782 δ’
468 2714 514 2795 ὃς,
540 2715 600 2803 ἔφη
628 2715 647 2781 ὅ
670 2714 886 2803 Ἀντισθένης
910 2717 985 2786 sim.

360 2827 486 2904 Restat,
518 2834 557 2894 ut
581 2822 755 2912 exemplis'
770 2821 879 2903 allatis
903 2824 1058 2894 muniam
1081 2821 1118 2892 id
1143 2822 1242 2913 quod
1266 2822 1446 2895 affirmavi.

361 2928 472 3018 Quod
497 2955 576 2999 cum
606 2928 714 3010 facio,
744 2929 850 3000 velim
880 2931 1058 3018 respicias,
1091 2955 1196 3019 quam
1227 2928 1380 3001 difficilis
1404 2932 1448 3001 sit

270 3036 352 3108 haec
384 3063 454 3117 res;
490 3061 569 3107 nam
601 3035 706 3127 longe
737 3035 894 3125 plurimis
928 3036 1013 3107 locis
1045 3038 1312 3126 interponuntur
1343 3035 1448 3108 verba

272 3143 331 3232 ἔφη
356 3142 411 3215 vel
434 3135 465 3232 ἤ.
645 3154 647 3159 ’

359 3253 616 3343 Argumentum
640 3262 754 3322 autem
777 3277 872 3322 meae
897 3253 1074 3340 opinionis
1098 3278 1171 3322 non
1193 3251 1387 3323 invalidum
1409 3251 1448 3322 id

271 3361 386 3448 ipsum
415 3369 482 3440 est,
515 3356 614 3448 quod
637 3356 784 3428 verbum
806 3350 839 3446 ἤ,
871 3361 968 3429 cuius
1000 3361 1178 3448 provincia
1208 3357 1303 3447 apud
1327 3384 1449 3429 omnes

273 3477 391 3554 poetas
416 3463 460 3535 ad
484 3464 827 3536 conclusionem
850 3467 999 3536 restricta
1023 3476 1088 3547 est,
1119 3464 1292 3554 praevalet
1313 3467 1350 3535 in
1374 3492 1449 3535 sene

271 3573 386 3643 tentiis
409 3573 620 3662 interpositis
644 3583 777 3663 praeter
800 3570 870 3660 ἔφη.

361 3678 616 3773 Conclusiones
651 3690 786 3760 autem,
824 3681 860 3749 in
892 3678 1023 3769 quibus
1058 3678 1179 3750 eadem
1213 3678 1319 3750 verba
1358 3705 1449 3750 coma

273 3799 402 3876 parent,
426 3785 471 3858 ab
494 3785 548 3858 his
572 3812 644 3857 non
668 3785 845 3868 differunt,
869 3812 950 3857 nam
973 3789 1067 3876 ipsae
1092 3813 1236 3878 quoque
1260 3789 1328 3858 iam
1352 3786 1450 3857 brevi

273 3906 353 3983 post
378 3896 525 3964 carmina
542 3896 730 3965 Homerica
753 3895 940 3965 amiserunt
962 3892 1055 3965 illam
1076 3893 1280 3984 particulam
1300 3892 1354 3973 ὥς,
1379 3921 1450 3984 qua

274 4002 386 4072 statim
411 4003 585 4091 cognosci
605 4012 638 4070 et
661 4001 809 4072 discerni
837 4001 925 4072 solet
949 4000 1155 4090 complexio.
1203 4004 1246 4072 Et
1268 4000 1350 4073 haec
1374 4002 1450 4089 ipsa

274 4109 455 4197 praecipue
479 4107 564 4182 mihi
589 4134 689 4180 causa
712 4107 819 4178 fuisse
843 4106 990 4190 videtur,
1023 4120 1062 4179 ut
1084 4108 1167 4179 haec
1191 4106 1295 4179 verba
1319 4118 1451 4196 praeter

274 4226 382 4286 cetera
417 4216 594 4286 contextui
629 4217 827 4286 orationum
862 4218 1177 4307 interponerentut;
1216 4240 1296 4285 nam
1334 4213 1452 4286 deerat

273 4323 315 4392 iis
340 4320 428 4391 illud
453 4319 506 4400 ὥς,
530 4348 604 4411 quo
629 4320 854 4411 distinguitur
877 4322 1085 4412 complexio.
