3092 5134
735 492 959 561 ..54-

268 687 386 775 lopam
409 688 497 756 inter
519 685 658 756 ancillas
681 698 882 757 versantem.
921 687 1143 758 Manifestius
1168 687 1328 777 proditur
1351 715 1448 760 serae

269 796 385 867 aetatis
410 821 493 865 usus
517 792 687 882 loquendi
711 820 753 864 eo
778 793 877 884 quod
901 793 1006 865 adicit
1029 806 1132 885 poeta
1155 823 1175 884 ρ
1198 795 1323 885 5Ο5λ6ε

590 958 622 968 -
645 922 730 1004 μετα
756 921 883 1017 δμωῇσι
906 911 1060 1003 γοναιξῑν

588 1026 692 1114 ήμένη
717 1027 761 1094 ἕν’
777 1029 945 1121 θαλάμῳ.λ

270 1153 409 1225 Deinde
437 1175 458 1220 σ
484 1154 551 1224 271
586 1154 615 1239 (ι
642 1161 674 1217 Β
701 1154 789 1232 33ος
825 1155 858 1222 Ξ
880 1154 946 1239 48)
977 1171 1082 1234 κεῖνος
1112 1157 1225 1221 τόσσ’
1250 1155 1446 1244 οἷγόρεοο.

198 1328 199 1336 ,
271 1264 426 1351 Quartus
451 1258 632 1348 Odysseae
655 1258 753 1330 locus
778 1261 798 1325 δ
823 1261 868 1361 76

387 1391 461 1452 τοῦ
485 1387 514 1452 δ’
541 1383 827 1474 οἷγορεήοντος
852 1387 966 1460 ξύνετο
992 1388 1123 1466 ξανθός
1147 1390 1323 1467 Μενέλαος

270 1537 444 1602 nusquam
466 1513 504 1581 in
527 1509 734 1581 carminibus
764 1513 872 1585 Hom.
897 1512 951 1580 sui
981 1511 1128 1583 similem
1158 1511 1319 1583 habet-
1343 1540 1448 1603 saepe

271 1619 365 1708 apud
390 1621 560 1708 epigonos
584 1656 617 1666 -
642 1629 675 1688 et
697 1628 816 1688 movet
839 1619 993 1688 animum
1017 1621 1117 1708 quasi
1146 1619 1323 1691 conclusio
1348 1623 1449 1692 cuius

272 1738 374 1817 caput
398 1724 458 1812 (ὡξ
483 1724 577 1811 ἔφατ’
602 1725 695 1810 sim.)
727 1723 905 1796 desectum
935 1725 1022 1811 sit.1)
1077 1729 1256 1798 Hactenus
1279 1726 1323 1798 de
1347 1728 1448 1799 verbi

272 1834 442 1923 ἀγορεύειν
466 1831 561 1922 apud
586 1835 782 1903 Homerum
806 1859 882 1902 usu.

361 1981 419 2048 Ne
457 1977 663 2066 posteriores
703 1975 848 2065 quidem
887 1988 1010 2066 poetae
1049 1976 1130 2048 huic
1169 1977 1277 2048 verbo
1320 1978 1449 2050 favisse

271 2085 449 2164 videntur;
473 2083 598 2173 legitur
622 2084 713 2153 enim
737 2082 833 2172 apud
856 2085 927 2173 Ap.
945 2082 1061 2154 Rhod.
1078 2082 1132 2155 bis
1155 2096 1289 2156 tantum
1313 2087 1349 2155 in
1366 2113 1451 2157 cons

272 2192 437 2263 clusione.
837 2199 841 2211 '
999 2221 1002 2227 ·

292 2322 305 2388 I
331 2319 419 2388 260:
445 2321 485 2381 αἲ
504 2321 566 2400 μὲν
591 2314 642 2404 ἄρ’
667 2314 710 2395 οἳς
734 2315 896 2404 οἷγόρεοον
919 2316 977 2382 ἐπὶ
1000 2320 1181 2414 προμολῇσι
1205 2321 1347 2386 κιόντων

273 2429 305 2495 II
329 2426 417 2496 450:
443 2422 485 2501 (ὃς
508 2425 554 2488 τώ
577 2425 606 2505 γ’
632 2422 805 2511 οἷλλήλοισι
829 2424 1054 2512 παραβλήδην
1078 2423 1247 2513 οἷγόρεοον.

468 2529 528 2616 (cf.
554 2533 662 2600 Hom.
685 2539 715 2595 A
737 2534 778 2600 6:
803 2532 1027 2618 παραβλήδην
1052 2531 1248 2620 οἷγορεήων).

272 2640 390 2710 Tertio
421 2637 500 2708 loco
532 2641 563 2707 II
599 2638 690 2708 1226
722 2636 865 2708 adhibet
895 2638 1041 2708 verbum
1071 2665 1204 2710 novum
1241 2639 1452 2728 ιῖγοράομαιε

273 2745 315 2824 (ὃς
345 2748 425 2828 οἵγ’
450 2745 644 2833 ήγορόωντο.
694 2747 848 2815 Nonnus
880 2747 992 2815 Dion.
1014 2748 1084 2816 VII
1111 2748 1198 2818 308:
1229 2765 1304 2813 τοῖα
1336 2750 1450 2837 πατήρ

274 2853 412 2942 οἷγόρεοε
428 2851 622 2923 subiectum
638 2852 746 2923 addit.
782 2855 971 2923 XXXVIII
991 2854 1165 2933 70;XL11
1184 2856 1271 2935 313;
1289 2854 1448 2945 paraphr.

272 2964 343 3030 VII
369 2961 416 3030 20
439 2959 585 3030 verbum
609 2958 748 3048 οἷγόρεοε
771 2957 866 3029 nude
894 2961 1046 3048 ponitur.
1085 2960 1192 3031 Conf.
1210 2963 1311 3032 etiam
1328 2962 1448 3050 Eurip.

275 3066 404 3138 Phoen.
434 3067 535 3146 1177,
564 3067 673 3145 1245;
699 3065 830 3137 Electra
855 3069 943 3146 788;
969 3066 1091 3137 Bacch.
1119 3070 1222 3139 1082.

363 3193 419 3260 De
443 3190 592 3262 formula

330 3297 373 3377 ὥς
397 3303 430 3363 οἳ
449 3304 510 3382 μὲν
533 3304 673 3365 τοιαῦτα
699 3299 784 3388 πρὸς
809 3299 970 3386 οἷλλήλοος
995 3299 1155 3389 οἷγόρεοον
1179 3300 1221 3371 cf.
1239 3326 1311 3390 cap.
1330 3306 1391 3372 III.

665 3726 667 3731 -
712 3661 838 3782 Cap.
873 3661 1016 3759 XIX.

659 3837 722 3905 De
746 3835 884 3906 verbo
908 3837 1061 3917 λέγειν.

363 3995 523 4066 Verbum
557 3997 664 4077 λέγειν
702 3997 738 4064 in
773 3995 981 4066 carminibus
1017 3998 1125 4065 Hom.
1162 4007 1239 4067 ante
1275 4009 1334 4068 aut
1369 4009 1446 4087 post

276 4105 467 4174 orationem
491 4104 670 4192 perpaucis
694 4113 829 4172 tantum
851 4101 936 4173 locis
953 4104 1136 4184 invenitur,
1161 4101 1291 4192 quibus
1308 4106 1444 4193 insuper

368 4353 393 4422 1)
414 4355 457 4408 De
477 4357 611 4429 genetivo
631 4371 715 4427 quem
735 4351 900 4410 absolutum
920 4351 996 4411 duco
1016 4352 1049 4409 cf.
1069 4373 1128 4425 cap.
1148 4355 1266 4410 XXVII.
