3092 5134
585 518 804 587 ..21-

202 709 276 782 Ubi
306 711 431 802 legitur
461 710 556 803 apud
587 715 763 801 prosaicos
794 715 975 802 scriptores
1006 716 1042 785 in
1065 713 1179 786 media
1209 741 1282 785 oras

109 819 205 888 tione
236 809 260 906 οἷ
287 820 318 885 d’
343 816 397 897 ὅς,
430 821 501 890 sive
525 858 568 911 ·.
583 818 635 900 id,
666 818 765 909 quod
798 819 920 892 clarius
952 832 1058 891 est-
1082 813 1105 909 ἤ
1129 823 1160 888 δ’
1182 819 1282 888 {rvrs-

109 931 245 1013 σθένης,
269 927 341 997 sive
365 951 420 988 s-
437 918 459 1014 ἤ
479 928 510 993 δ’
528 924 564 1004 ὅς
588 965 621 976 -
647 925 898 1015 ὅἈντισθένης
914 952 970 989 -<‹
993 926 1154 998 manibus
1177 929 1283 998 teneri

108 1043 225 1119 potest
246 1034 447 1122 scriptorem
466 1032 585 1105 lectori
600 1035 637 1104 in
653 1035 854 1104 memoriam
877 1060 1035 1106 revocare
1052 1033 1139 1105 velle
1155 1060 1283 1105 nomen

108 1140 201 1220 eius,
247 1141 309 1230 qui
347 1139 513 1229 loquitur.
575 1135 721 1211 Nonne
753 1140 791 1212 id
830 1143 1012 1230 praecipue
1051 1141 1283 1213 conclusionis

108 1271 236 1316 munus
261 1252 338 1318 est?

199 1355 268 1423 Hic
299 1353 593 1444 dicatquispiam
619 1354 760 1446 'aliquot
790 1355 875 1427 locis
907 1357 1053 1427 inveniri
1084 1355 1149 1426 alia
1179 1354 1284 1427 verba

107 1463 319 1550 interposita,
345 1488 433 1551 quae
458 1461 553 1551 apud
571 1466 767 1533 Homerum
791 1465 827 1534 in
844 1463 1066 1535 conclusione
1082 1490 1155 1535 non
1172 1473 1285 1535 carent

108 1567 273 1657 particula
297 1565 350 1647 ὥς,
375 1571 463 1640 sicut
478 1571 572 1637 εἶπεν
596 1581 630 1640 et
651 1569 757 1641 verba
781 1569 996 1660 descriptiva.
1034 1570 1101 1643 Sed
1125 1573 1284 1660 respicias

107 1676 177 1745 iam
199 1677 235 1745 in
259 1675 378 1764 hymn.
396 1679 504 1747 Hom.
529 1689 563 1748 et
585 1689 705 1765 postea
729 1680 877 1749 maxime
901 1705 943 1748 ex
964 1677 1284 1750 Alexandrinorum

28 1816 30 1819 ’
107 1781 325 1871 temporibus
348 1785 444 1855 iuxta
467 1784 549 1856 haec
574 1808 719 1876 quoque
742 1784 847 1856 verba
871 1784 960 1856 illud
981 1783 1024 1864 ὥς
1049 1787 1238 1856 evanuisse.

197 1888 344 1960 Accedit
367 1889 480 1962 aliud:
515 1889 558 1970 ὥς
581 1890 688 1973 illud,
720 1919 794 1982 quo
826 1891 921 1983 apud
946 1896 1142 1964 Homerum
1166 1894 1284 1981 paucis

108 1996 194 2067 locis
230 1999 380 2086 exceptis
416 2023 587 2088 semper
621 1998 799 2070 inducitur
831 1999 1044 2088 complexio,
1087 2011 1168 2089 post
1205 2025 1284 2071 eum

109 2103 357 2193 pedetemptim
381 2105 649 2194 pronominibus
676 2111 813 2185 (ταῦτα,
836 2109 920 2174 τάδε
936 2107 1035 2188 'sim.;
1068 2105 1111 2178 cf.
1135 2133 1207 2196 cap.
1233 2109 1284 2193 ΙΙ)
1391 2187 1393 2195 ¹

108 2209 226 2283 locum
250 2214 418 2283 concessit
441 2224 474 2283 et
498 2238 540 2283 eo
565 2211 714 2294 devenit,
739 2224 779 2284 ut
801 2214 903 2303 plane
926 2213 1124 2304 dispareret.

200 2322 408 2410 Permagnus
432 2322 537 2410 igitur
559 2322 864 2410 interpositionum
888 2347 1062 2403 numerus,
1093 2324 1130 2392 in
1154 2321 1284 2412 quibus
1323 2338 1333 2352 “

109 2421 153 2503 ὥς
176 2424 318 2516 legatur,
350 2429 537 2515 exspectari
560 2452 633 2498 non
657 2439 781 2516 potest.
827 2430 1014 2500 Attamen
1037 2430 1154 2500 inveni
1177 2419 1285 2509 locos,

110 2533 240 2622 quibus
287 2547 401 2623 aperta
447 2561 499 2605 res
545 2545 604 2605 est.
666 2534 837 2607 Conferas
882 2561 1020 2607 versum
1067 2534 1285 2617 Pindaricum

110 2639 229 2712 Isthm.
252 2644 341 2712 VIII
366 2644 430 2712 95:

271 2787 304 2810 .-
329 2787 362 2798 -
386 2788 419 2798 -
443 2758 637 2840 παρθενίας
661 2789 694 2800 -
718 2750 761 2830 de
786 2752 874 2837 φάτο
897 2754 1076 2843 Κρονίδαις

269 2857 449 2926 ἐννέποισα
473 2859 545 2924 θεά
569 2896 603 2907 -
625 2868 675 2924 cot
700 2860 731 2925 δ’
747 2859 805 2926 ἐπὶ
828 2860 1008 2947 βλεφάροις

111 2964 197 3033 Ecce
221 2963 399 3035 conclusio
428 2966 594 3036 orationis
624 2967 661 3037 in
684 2967 983 3055 interpositionem
1006 2964 1108 3037 abiitl
1157 2969 1286 3056 Neque

110 3071 226 3141 minus
250 3097 292 3141 ex
314 3097 400 3142 voce
425 3068 468 3150 dic
492 3072 750 3144 conclusionem
775 3075 955 3163 cognoscis
978 3074 1014 3143 in
1038 3075 1155 3165 Eurip.
1172 3072 1285 3144 Andr.

111 3179 200 3248 929:
225 3183 319 3257 »πῶς
343 3169 402 3247 οὖν
424 3181 541 3257 crida«
566 3179 609 3258 uic
632 3183 721 3247 εἴποι
743 3206 804 3258 τις,
833 3181 1122 3271 »ἑξημοῖρτανες,·«
1154 3182 1201 3252 sic
1224 3181 1285 3250 ime

111 3284 332 3374 primendum
363 3285 462 3358 dedit
494 3286 732 3359 Kirchhoffius
766 3289 803 3359 in
834 3314 895 3358 sua
930 3287 1083 3359 editione
1118 3314 1147 3358 a.
1183 3289 1285 3359 1867.
1395 3328 1397 3332 Δ

113 3393 192 3464 Sine
215 3391 328 3464 dubio
352 3392 418 3464 hoc
442 3393 521 3466 loco
546 3393 589 3474 ὥς
613 3395 783 3485 significat
805 3420 909 3477 »so«,
942 3396 988 3466 ita
1011 3407 1051 3466 ut
1073 3407 1231 3468 accentus
1255 3397 1287 3466 ei

111 3501 227 3591 negari
250 3525 323 3570 non
347 3502 473 3589 possit;
499 3500 720 3573 scribendum
745 3513 795 3573 est
818 3499 912 3589 541)

201 3610 313 3679 Pauca
335 3609 440 3698 igitur
463 3608 636 3680 eiusmodi
667 3621 797 3682 exstare
828 3608 990 3681 videntur
1018 3608 1193 3698 exempla,
1225 3609 1286 3681 sed
1366 3702 1368 3704 q

112 3713 297 3795 accedunt,
336 3716 373 3785 ni
407 3714 525 3797 fallor,
561 3714 626 3787 alia
661 3715 866 3796 occultiora;
906 3718 1052 3788 occurrit
1086 3719 1178 3786 enim
1213 3742 1286 3805 pers

113 3823 263 3912 quirenti
297 3821 498 3895 comoediae
534 3835 567 3894 et
602 3828 778 3895 oratorum
809 3849 914 3912 opera
942 3822 1078 3913 aliquot
1103 3822 1189 3895 locis
1213 3849 1287 3894 senc

112 3931 217 4001 tentia
251 3931 400 4001 orationi
433 3929 606 4022 implicata
644 3927 733 4020 quae
771 3929 858 4001 mihi
896 3931 1128 4019 suspicionem
1166 3932 1286 4002 movit.
1383 3942 1386 3947 “

114 4038 220 4127 Saepe
253 4038 344 4108 enim
375 4037 499 4128 legi-
523 4050 563 4109 ut
594 4065 635 4108 ex
659 4063 848 4127 permagno
880 4037 1118 4126 exemplorum
1141 4063 1286 4110 numero

116 4183 329 4210 .-.-......l....-.

204 4290 230 4358 1)
250 4286 283 4346 cl.
304 4287 412 4346 Catulli
432 4292 481 4346 LV
499 4295 524 4356 9,
553 4289 605 4348 ubi
633 4294 738 4349 Bittius
756 4291 839 4363 legit:
867 4290 1026 4358 »Puellae«,
1055 4297 1094 4349 sic
1122 4296 1182 4363 ipse
1211 4289 1287 4362 flagi.

113 4376 215 4444 tabam,
234 4379 416 4436 »Camertum
436 4377 515 4446 mihi,
535 4383 672 4452 pessimae
692 4380 804 4452 puellae
812 4380 839 4437 1«
