3092 5134
562 517 787 586 ..33-

94 712 212 792 22422,
243 712 315 782 475
351 712 515 798 (narratio
550 710 594 782 de
629 710 727 782 rebes
760 713 798 781 in
832 713 950 782 Circes
984 711 1117 825 insula·
1131 713 1264 801 gestis),

195 816 314 906 hymn.
339 819 375 887 in
398 819 477 889 Cer.
506 818 585 888 ll8.

176 923 295 995 Altera
318 923 430 995 forma
453 922 497 1002 (ὃς
520 923 652 1010 ἔφασαν
675 924 729 996 bis
752 937 887 997 tantum
911 936 1103 1014 comparet:

90 1059 109 1097 κ
130 1031 192 1101 46:
217 1030 260 1110 ilic
285 1030 426 1117 ἔφασαν,
454 1031 558 1120 βουλή
584 1032 621 1098 δὲ
644 1033 729 1120 κακή
754 1044 885 1120 νίκησεν
908 1036 1051 1121 ἑταίρων

90 1165 109 1204 v
140 1139 226 1208 384:
266 1137 309 1216 alc
344 1137 476 1224 ἔφασαν
510 1144 690 1229 μνηστῆρες
725 1138 1022 1228 (Theoclymenus
1061 1140 1264 1210 vaticinatur

193 1245 365 1332 exitium).

175 1371 341 1459 Denique
375 1369 591 1440 monendum
630 1381 681 1441 est
715 1369 889 1441 eiusmodi
927 1368 1093 1440 formulas
1132 1382 1263 1459 praeter

90 1479 283 1546 Homerum
321 1476 416 1565 apud
455 1476 569 1548 solum
610 1476 809 1547 Hesiodum
852 1489 886 1548 et
922 1476 1043 1565 Apoll.
1084 1475 1263 1547 Rhodium

88 1585 249 1664 inveniri,
281 1585 327 1653 ita
359 1595 398 1654 ut
419 1582 505 1653 mihi
527 1586 599 1655 veri
622 1583 732 1655 simile
755 1583 914 1662 videatur
942 1610 998 1654 eas
1021 1584 1166 1654 omnino
1190 1609 1263 1654 non

86 1702 162 1761 ante
186 1689 338 1760 Hesiodi
362 1702 506 1762 aetatem
531 1692 709 1762 exstitisse.

551 1999 677 2119 Cap.
702 2000 795 2097 Vl.

76 2152 78 2158 '
148 2174 213 2242 oe
244 2174 506 2261 participiis
538 2172 590 2244 aa
622 2171 673 2252 aa
705 2172 824 2258 ipae
855 2172 977 2244 etad
1008 2171 1059 2251 ες
1089 2175 1198 2258 aa..

575 2279 778 2351 adiectis.

173 2442 330 2529 Regnant
352 2442 389 2510 in
407 2439 690 2511 conclusionibus
715 2439 810 2529 apud
829 2443 1024 2510 Homerum
1047 2467 1139 2511 mera
1155 2441 1258 2512 verba

82 2545 223 2617 dicendi
254 2558 287 2617 et
316 2549 404 2618 inter
435 2573 473 2618 ea
497 2549 679 2636 praecipue
707 2546 857 2618 formula
880 2545 923 2626 alc
948 2547 1052 2633 ἔφατ’.
1099 2546 1160 2617 Ad
1184 2573 1258 2618 eam

81 2655 261 2724 Homerus
295 2679 405 2724 unum
439 2665 574 2725 tantum
609 2655 828 2743 participium
866 2653 1044 2740 εὐχόμενος
1083 2653 1259 2743 adposuit,

79 2759 182 2848 quod
212 2785 284 2830 non
315 2787 391 2831 raro
424 2763 460 2830 in
492 2759 600 2832 Iliade
624 2799 657 2810 -
682 2763 785 2831 etiam
808 2763 926 2850 paucis
949 2761 1052 2843 locis,
1088 2788 1179 2851 quos
1200 2788 1258 2832 ves

77 2869 286 2938 tustissimae
311 2867 412 2938 lliadi
436 2867 594 2939 abdicare
617 2893 691 2938 non
714 2867 793 2939 licet
816 2906 849 2917 -
875 2880 1070 2958 usurpatur,
1095 2880 1129 2939 at
1153 2869 1259 2939 semel

76 2984 214 3044 tantum
244 2975 281 3043 in
312 2973 483 3062 Odyssea.
537 2976 702 3045 Ceterum
732 2972 897 3060 εὔχεσθαι
931 2974 986 3045 his
1013 2975 1111 3046 locis'
1134 2977 1257 3064 partim

78 3082 226 3151 notione
283 3080 493 3170 implorandi
557 3084 680 3170 partim
737 3081 910 3173 gloriandi
963 3078 1111 3153 notione
1165 3108 1258 3172 prae·

77 3186 196 3258 ditum
220 3187 313 3274 est.¹)

49 3335 52 3342 ,
173 3297 266 3365 Huic
298 3295 506 3384 simplicitati
536 3298 702 3367 contraria
732 3308 784 3367 est
803 3298 969 3367 nimirum
993 3298 1136 3367 variatio
1168 3323 1257 3386 quae

74 3413 200 3491 regnat
230 3401 325 3490 apud
356 3405 578 3484 recentiores,
610 3405 672 3493 qui
704 3405 806 3474 etiam
830 3403 894 3474 alia
923 3405 1100 3492 participia
1123 3403 1256 3474 adicere

74 3506 211 3590 solent,
265 3535 412 3598 quarum
458 3509 602 3599 quidem
647 3509 908 3581 multitudinem
958 3509 1013 3581 hic
1060 3536 1256 3582 enumerare

72 3615 227 3704 longum
251 3627 310 3686 est.

171 3726 349 3827 Hactenus

384 3721 400 3746 (l

401 3749 416 3801 ς
441 3722 544 3808 ἔφατ’.
592 3724 712 3794 Multo
739 3727 906 3796 maturius
937 3726 989 3795 vis
1020 3722 1189 3794 formulae
1213 3723 1256 3802 ὥς

69 3935 233 4017 videtum
246 3944 252 3990 l
265 3962 345 4006 nam
365 3940 492 4025 'magna
516 3949 566 4008 est
586 3939 731 4008 variatio
755 3939 1030 4026 participiorum,
1062 3963 1151 4026 quae
1176 3963 1254 4008 cum

69 4042 230 4113 formula
253 4041 296 4121 (ὃς
319 4044 406 4128 φάτο
431 4043 646 4131 copulentur.
686 4046 885 4131 Occurrunt
900 4056 1015 4115 autem
1031 4043 1127 4134 apud
1145 4047 1253 4114 Hom.

18 4237 27 4248 ι
68 4151 185 4238 δάκρυ
216 4161 302 4234 χέων
332 4157 367 4215 Α
399 4151 468 4220 357
500 4149 560 4237 (cf.
584 4175 641 4241 pg.
668 4152 742 4237 72),
776 4179 800 4216 ω
825 4153 917 4231 438;
949 4163 1097 4220 νεικείων
1128 4158 1160 4215 Β
1182 4152 1252 4220 243

169 4365 196 4432 1)
215 4362 271 4421 Sed
290 4363 346 4420 hoc
365 4362 484 4421 alterum
503 4383 565 4420 non
584 4369 640 4422 nisi
659 4363 726 4422 inde
746 4384 762 4420 a
781 4363 856 4422 libro
876 4371 909 4423 A.

1076 4475 1091 4526 3

666 4653 678 4686 Ι

1294 3832 1361 3887 Ἐξ),

71 3831 167 3915 φάτο
199 3868 232 3879 -
251 3751 398 3937 jl36i‘nli
412 3841 521 3901 exstat
555 3830 650 3919 apud
685 3834 794 3902 Hom.
823 3870 856 3881 -
889 3857 955 3902 usu
989 3828 1148 3901 hebetata
1183 3857 1255 3901 esse
1292 3864 1296 3873 ·
