3092 5134
569 557 612 568 ..
659 519 705 588 59
754 556 794 570 ...

533 718 659 838 Cap.
673 720 816 816 XXI.

494 895 557 964 De
581 919 689 965 voce
713 892 858 959 addaiu.

189 1056 341 1125 Primum
377 1031 550 1144 agendum
586 1065 636 1124 est
670 1052 714 1124 de
750 1079 816 1123 usu
847 1052 944 1124 verbi
976 1053 1090 1120 αδδοῖν
1125 1056 1161 1124 in
1192 1081 1271 1124 cona

96 1161 334 1242 clusionibus,
367 1160 428 1232 ubi
458 1163 495 1231 in
527 1160 734 1231 carminibus
763 1163 872 1231 Hom.
904 1186 976 1231 non
1007 1162 1180 1232 invenitur
1210 1163 1276 1232 nisi

97 1270 333 1357 compositum
357 1270 562 1357 προσαυδᾶν.
611 1270 731 1338 Exstat
754 1279 869 1338 autem

97 1402 133 1460 A
161 1395 283 1480 136s7:
309 1391 352 1472 ιδς
375 1396 421 1459 τά
443 1421 480 1476 γε
503 1395 655 1459 κλαίοντε
679 1394 988 1481 προσαυδήτην
1009 1395 1158 1480 βασιλῆα

305 1502 492 1585 μειλιχίοισι
517 1498 659 1568 ἔπεσσιν.

99 1634 136 1692 Χ
155 1626 281 1712 9οή91ε
307 1624 350 1705 ὡς
373 1627 420 1691 τά
442 1653 479 1708 γε
503 1627 655 1692 κλαίοντε
679 1626 986 1714 προσαυδήτην
1010 1627 1105 1711 φίλον
1128 1628 1213 1703 οἱδν,

306 1734 415 1820 πολλοὶ
441 1735 630 1816 λισσομένω.

1 1939 6 1948 ι
102 1866 135 1924 Φ
155 1860 263 1944 97ή98
288 1860 410 1944 (Μάχη
436 1860 730 1948 παραποτάμιος).·
954 1947 960 1951 ³

306 1964 348 2044 ιδς
373 1963 440 2054 άρα
463 1991 522 2050 μιν
545 1968 711 2054 Πριάμοιο
735 1967 959 2053 προσηύδα
985 1968 1140 2051 φαίδιμος
1164 1969 1237 2046 υἱός

304 2074 494 2157 λισσόμενος
518 2073 680 2150 ἐπέεσσιν,

99 2182 165 2271 qui
188 2208 243 2252 vv.
268 2208 344 2252 sero
369 2207 404 2251 se
429 2192 523 2251 ortos
548 2207 620 2251 esse
644 2182 711 2268 ipsi
735 2179 892 2252 clamant.

193 2308 321 2396 Neque
337 2306 449 2377 multo
466 2307 602 2395 saepius
618 2318 699 2394 post
712 2309 908 2388 Homerum
925 2308 961 2376 in
974 2307 1278 2395 complexionibus

103 2413 217 2481 αδδοῖν
253 2416 406 2504 positum
443 2425 502 2484 est.
561 2412 730 2484 Pindarus
769 2413 823 2484 bis
863 2413 1021 2485 exhibuit
1059 2416 1278 2504 participium

100 2525 208 2592 Nem.
232 2525 265 2592 X
290 2524 336 2591 89
365 2533 398 2592 et
422 2520 521 2609 Pylh.
547 2522 634 2591 232:
668 2519 710 2600 ιδς
735 2519 790 2609 ἄρ’
814 2521 1035 2600 αὐδάσαντος.
1084 2524 1134 2590 Ex
1165 2534 1279 2609 postea

100 2628 252 2699 rioribus
288 2628 383 2699 solus
417 2630 488 2717 Ap.
514 2626 629 2698 Rhod..
665 2627 780 2695 αδδοῖν
815 2631 851 2698 in
885 2628 954 2699 fine
989 2630 1186 2700 orationuun
1220 2627 1279 2699 ads

101 2737 205 2806 misit.
244 2734 286 2807 cf.
312 2739 362 2805 111
388 2736 444 2815 76,
470 2736 551 2815 564,
575 2736 664 2815 912;
690 2738 743 2805 IV
759 2738 817 2815 99,
846 2736 948 2816 1380,
977 2736 1078 2805 1562.
1112 2736 1277 2825 Denique

99 2841 265 2931 Aeschyl.
284 2845 374 2931 Sept.
394 2843 481 2912 590:
505 2845 644 2908 τοιαῦθ’
663 2841 681 2906 δ
697 2845 817 2925 μάντις
835 2897 843 2912 ,
861 2897 868 2911 .
887 2897 894 2911 .
910 2840 1009 2929 ηδδα.
1046 2841 1145 2912 Alibi
1162 2841 1276 2908 αδδοῖν

102 2974 277 3040 nusquam
300 2960 381 3037 post
404 2950 595 3028 orationem
619 2947 816 3019 adhibitum
840 2950 967 3020 inveni.

193 3073 360 3145 Crebrius
383 3072 575 3144 admittitur
594 3072 707 3140 αὐδᾶν
731 3072 776 3144 ad
800 3072 1080 3157 inducendas
1105 3077 1277 3146 orationes

101 3186 173 3253 iam
197 3181 241 3252 ab
266 3184 435 3252 Homem.
484 3185 618 3252 Praeter

101 3299 139 3356 A
163 3291 227 3360 92:
252 3299 310 3355 καὶ
332 3290 408 3354 τότε
432 3290 472 3376 δή
498 3290 649 3376 θάρσησε
673 3298 730 3355 καὶ
753 3285 805 3376 ηδ’
813 3289 833 3353 δ
842 3316 864 3354 α
888 3291 1008 3372 μάντις
1033 3287 1176 3373 οἷμάμων

104 3409 138 3468 et
162 3406 190 3462 P
210 3397 299 3466 420:
328 3394 371 3474 fiir
399 3397 440 3461 δέ
458 3422 507 3474 τις
532 3387 579 3462 αδ
604 3399 726 3483 Τρώων
749 3398 959 3480 μεγαθύμων
983 3395 1279 3484 αὐδήσασκεν,

103 3529 258 3596 quorum
288 3529 360 3574 sera
392 3505 490 3592 origo
521 3502 607 3573 mihi
639 3515 789 3584 constat,
821 3502 934 3570 αὐδᾶν
965 3503 1082 3574 locum
1112 3502 1218 3574 habet
1244 3505 1280 3573 in

104 3638 178 3683 uno
202 3609 428 3682 formularum
451 3636 585 3700 genere,
610 3608 709 3700 quod
734 3622 784 3680 est

265 3719 326 3784 τδν
350 3719 380 3783 δ’
405 3709 480 3784 αὖτ’
507 3773 514 3788 .
540 3773 547 3788 .
574 3773 581 3788 .
607 3717 722 3784 α’ντίον
745 3715 854 3805 ηδδα,·

270 3881 276 3894 .
303 3881 310 3894 .
336 3881 343 3894 .
368 3823 449 3904 ἔπος
470 3834 512 3891 τέ
530 3851 588 3909 μιν
613 3823 728 3892 άντίον
751 3822 840 3911 ηὔδα
865 3826 940 3895 sim.

106 3930 205 4022 quod
237 3933 354 4002 inveni
385 3933 421 4001 in
446 3930 553 4002 Iliade
584 3929 734 4001 sedecim
765 3930 869 4012 lociS,
903 3933 965 4020 qui
990 3957 1109 4001 omnes
1141 3932 1185 4002 de
1210 3958 1282 4003 sera

105 4050 214 4110 aetate
238 4037 493 4109 dubitationem
517 4064 589 4110 non
613 4036 816 4108 admittunt:
844 4046 871 4102 Γ
885 4039 972 4118 203;
997 4047 1027 4103 Δ
1042 4040 1130 4118 263;
1155 4047 1185 4104 Ε
1203 4039 1281 4119 170,

107 4147 189 4226 217,
214 4147 303 4226 647;
341 4147 482 4225 ΘΖΟΟ;
518 4154 551 4212 Λ
576 4147 663 4225 822;
701 4154 735 4211 N
757 4146 839 4225 221,
865 4146 946 4225 254,
971 4147 1053 4226 259,
1086 4147 1167 4226 266,
1200 4147 1281 4227 274,

108 4254 175 4324 311
196 4255 283 4339 (619*
291 4254 329 4338 1).
366 4255 531 4342 Denique
555 4254 591 4323 in
616 4250 733 4323 Iliadis
756 4251 854 4322 libris
878 4251 1025 4323 ultimis:
1053 4253 1181 4322 111482
1206 4251 1282 4339 (ads
1407 4332 1410 4336 ¹

107 4359 201 4432 ditur
231 4361 471 4447 χολωσαμένη),
497 4361 584 4440 586;
611 4367 639 4425 Ω
661 4360 742 4429 333.
795 4362 896 4448 Quae
920 4385 999 4430 cum
1022 4361 1070 4432 ita
1092 4361 1170 4441 sint,
1195 4360 1282 4431 eiust
