3092 5134
774 502 996 572 ..38-

302 698 523 780 ὀιαλέγεσθαι
547 695 651 783 (ibid.
674 706 706 762 B
728 701 780 768 Vl
806 698 860 783 l);
891 705 1031 786 θρηνεῖν
1055 696 1158 783 (ibid.
1183 704 1212 762 Γ
1231 701 1281 767 ΧΙ
1310 698 1366 783 1);
1398 708 1479 763 παί-

302 808 369 882 ζειν
394 803 497 890 (ibid.
521 812 551 869 Ε
571 807 659 874 XIV
694 806 745 890 4).

389 909 501 999 Apud
525 908 753 981 Theodorum
776 910 861 1001 legi:
894 910 1100 997 α’ποιμώζειν
1130 913 1183 997 (A
1214 912 1317 997 132);
1347 920 1479 977 στένειν

302 1019 354 1104 (A
385 1018 491 1102 270);
530 1015 792 1106 οἷντιτραγῳδεῐν
830 1020 883 1104 (A
913 1019 1020 1104 276);
1064 1016 1277 1106 ω’νειρώπειν
1315 1019 1362 1104 (Γ
1390 1018 1478 1103 43);

302 1123 523 1219 ἅσχολεῑσθριι
546 1125 656 1206 λόγοις
681 1126 728 1210 (Δ
749 1124 910 1217 209110).

391 1231 556 1320 Denique
591 1241 629 1301 ut
663 1230 800 1312 videas,
839 1258 945 1321 quam
983 1232 1114 1322 amplas
1153 1243 1187 1302 et
1224 1230 1347 1302 uberas
1383 1256 1479 1302 coms

302 1337 481 1428 plexiones
505 1336 555 1407 illi
578 1336 645 1408 sibi
668 1337 840 1420 linxerint,
865 1337 960 1409 addo
983 1365 1025 1409 ex
1045 1339 1190 1410 Nicetae
1213 1336 1284 1409 fab.
1306 1337 1351 1409 de
1368 1340 1479 1410 Dros.

302 1457 335 1516 et
358 1444 462 1516 Char.
486 1445 622 1515 initium
646 1443 725 1515 libri
748 1454 779 1510 E
786 1476 795 1525 ,γ

460 1557 601 1618 τοιαῦτα
627 1553 736 1618 πολλά
761 1563 819 1619 καὶ
841 1557 991 1619 τοσαῦτα
1014 1563 1071 1619 καὶ
1094 1554 1179 1619 τόσα

460 1658 690 1749 ὑπετραγῴδει
713 1667 798 1726 καθ’
820 1661 945 1727 ἑαντδν
968 1659 1085 1749 ἠρέμα.

392 1767 501 1855 Supra
531 1767 726 1838 invenimus
757 1766 853 1856 apud
883 1768 955 1856 Ap.
985 1765 1177 1837 Rhod.1V
1205 1768 1296 1837 1027
1328 1767 1364 1837 in
1395 1793 1477 1837 cons

303 1873 457 1944 elusione
480 1872 625 1944 verbum
648 1875 889 1956 γουνάζεσθαι,
913 1873 1012 1963 quod
1039 1876 1177 1964 proprie
1204 1874 1373 1964 significat
1395 1875 1481 1946 »alis

302 1982 400 2050 cuius
431 2006 544 2070 genua
574 1980 772 2069 amplecti«;
808 2007 903 2051 mero
937 1983 1042 2070 igitur
1075 1980 1183 2052 verbo
1214 1981 1478 2053 demonstrandi

302 2089 413 2159 oratio
443 2087 507 2159 dir.
538 2089 747 2158 terminatur.
803 2090 903 2158 Num
936 2088 1108 2159 eiusmodi
1142 2087 1250 2159 dictio
1280 2091 1348 2159 iam
1379 2089 1478 2177 apud

303 2197 499 2265 Homerum
532 2196 705 2265 occurrit?
759 2190 931 2267 Occurrit
948 2200 1046 2266 sanel
1101 2198 1196 2266 Nam
1226 2221 1299 2266 non
1331 2194 1480 2286 quidem

302 2313 405 2390 post
428 2302 633 2383 orationem,
665 2300 726 2373 sed
750 2314 827 2373 ante
851 2327 925 2372 eam
948 2301 1111 2373 nonnulli
1132 2304 1318 2374 recentium
1343 2305 1480 2373 Home*

187 2495 190 2508 Ι
302 2407 455 2479 ridarum
478 2433 569 2479 mera
592 2407 697 2480 verba
720 2407 982 2480 demonstrandi
1004 2421 1205 2498 posuerunt.

309 2569 310 2574 η
393 2517 446 2586 Sic
470 2515 646 2587 Doloniae
670 2527 789 2587 auctor
811 2515 901 2587 dixit

440 2631 472 2689 K
493 2624 582 2694 476:
606 2623 667 2690 cciv
691 2625 722 2690 δ’
738 2622 888 2702 Ὀδυσεύς
1007 2625 1174 2712 Διομήδεϊ
1194 2625 1338 2698 δεῖξεν
1369 2663 1374 2677 =

304 2732 385 2816 (nos
410 2729 530 2801 eadem
553 2733 684 2801 ratione
708 2730 856 2802 dicimus
880 2733 1079 2817 »weisen«).
1126 2730 1287 2802 Similiter
1314 2732 1351 2801 in
1373 2757 1478 2802 versu
1533 2790 1534 2821 ρ

303 2839 442 2909 novicio
466 2847 509 2903 M
531 2840 600 2909 342
624 2838 770 2928 legimus
1050 2927 1053 2935 Ι
1533 2830 1534 2875 l

516 2947 610 3033 αἶψα
635 2947 666 3012 d’
688 2946 743 3012 ἐπ’
766 2950 896 3013 Αἴαντε
919 2954 1064 3035 προΐει
1087 2946 1249 3034 κήρυκα

303 3055 420 3141 (κῆρυξ
443 3051 513 3124 fere
536 3055 622 3123 verti
644 3064 759 3142 potest
782 3052 1035 3133 »Nachricht«;
1066 3051 1110 3124 cf.
1134 3054 1334 3123 latinorum
1364 3077 1478 3123 »nunt

302 3161 393 3229 tius«
417 3193 429 3222 a
453 3163 585 3231 »Bote«
610 3171 644 3230 et
666 3158 918 3245 »Botschaftcl

391 3266 538 3338 Accedit
561 3268 703 3338 9143:

459 3365 537 3464 Ἶριν
560 3371 765 3461 δ’ὤτρννε
789 3375 949 3463 Κρονίδης
972 3379 1033 3452 alc
1049 3373 1178 3441 Ἴλιον
1202 3376 1299 3464 ἱρήν

304 3493 337 3552 et
360 3510 376 3547 ο
399 3484 488 3552 424:

463 3589 538 3677 ἠδὲ
560 3590 642 3674 μάλ’
659 3588 782 3655 αὐτίκα
807 3589 936 3678 πατρός
957 3589 1204 3678 ἐπέφραδεν
1226 3588 1393 3678 ὑψερεφὲς
1417 3592 1477 3669 dui,

304 3699 325 3768 i.
350 3724 378 3768 e.
403 3697 672 3768 monstravit
695 3698 800 3785 patris
824 3694 981 3767 domum.
1530 3774 1531 3795 ἦ

393 3806 464 3876 Cui
501 3802 751 3875 hodiernorum
789 3802 896 3874 dictio
935 3843 969 3854 -
1007 3805 1190 3892 praecipue
1228 3830 1367 3885 eorum,
1413 3807 1478 3894 qui
1509 3796 1532 3875 'l

304 3909 439 4000 fabulas
475 3914 708 3982 Romanenses
739 3909 893 3982 scribunt
923 3949 957 3960 -
988 3909 1163 3981 familiaris
1193 3922 1261 3991 est,
1296 3912 1327 3981 ei
1361 3914 1477 3982 statim

305 4018 461 4108 exempla
507 4030 658 4090 sescenta
696 4017 870 4089 eiusmodi
907 4016 1204 4107 breviloquentiae
1250 4017 1295 4088 ad
1332 4043 1477 4091 manum
1529 4002 1531 4133 l

304 4137 413 4208 erunt,
438 4124 501 4196 ubi
522 4136 689 4197 nostrates
714 4124 842 4196 talibus
862 4123 976 4196 verbis
993 4126 1080 4196 sicut
1095 4127 1269 4214 »stigen«,
1293 4127 1476 4210 »weisen«,
1529 4140 1531 4209 l

304 4233 527 4315 »schicken«‚
559 4232 759 4313 »winken«,
791 4258 880 4321 quae
911 4233 1050 4321 proprie
1080 4233 1251 4302 actionem
1281 4243 1315 4303 et
1340 4244 1478 4305 motum

304 4342 480 4434 loquentis
504 4342 711 4430 exprimunt,
734 4341 827 4428 ipsas
850 4340 1022 4410 orationes
1046 4338 1231 4422 inducunt,
1262 4338 1480 4414 concludunt
