3092 5134
605 494 875 595 ’‘⁶3·.

132 697 167 754 A
191 690 279 759 647:
304 689 495 777 Πάτροκλος
519 687 548 752 δ’
573 742 580 757 .
606 742 614 757 .
640 742 647 756 .
673 685 883 753 οἷναίνετο
907 689 1078 777 (negavit)

135 807 170 866 et
195 804 226 861 Τ
248 796 335 865 304:
363 793 382 860 δ
406 795 436 860 δ’
456 793 630 882 ἠρνεῖτο
654 797 855 877 στεναχίζων
880 796 930 880 (-
948 821 983 864 er
999 793 1126 865 wehrte
1143 792 1308 865 seufzend

134 901 180 973 ab
197 904 260 988 -),
285 900 346 972 sed
362 900 474 971 multo
491 899 692 989 explicatior
707 900 747 970 fit
770 925 822 971 res
839 927 940 971 versu
960 903 1097 972 211204:
1123 905 1308 979 ἕζεσθαι

132 1016 210 1093 μὲν
260 1007 469 1076 οἷνοιίνετο
514 1018 654 1097 propter
697 1006 857 1078 additum
901 1007 1114 1078 infinitivum
1157 1012 1306 1086 ἕζεσθαι.

132 1115 458 1188 luculentissimum
482 1128 596 1186 autem
620 1113 818 1203 exemplum
841 1113 946 1185 huius
969 1117 1102 1204 generis
1125 1126 1234 1186 exstat
1362 1132 1370 1150 ‘

129 1250 162 1306 A
185 1241 312 1329 30ls2:
338 1245 497 1307 ἱππεῦσιν
520 1246 582 1324 μὲν
606 1245 707 1328 πρῶτ’
732 1239 934 1306 ἐπετέλλετο.
960 1242 1036 1318 τούς
1058 1241 1124 1327 χοέρ
1149 1239 1270 1323 α’νώχει

251 1358 255 1365 '
301 1417 303 1422 ,
337 1349 437 1433 σφοδς
461 1350 585 1426 ἵππους
608 1347 724 1432 έχέμεν
747 1348 833 1433 μηδὲ
855 1349 1055 1412 κλονέεσθαι
1082 1345 1205 1436 δμίλῳε
1229 1386 1262 1397 -

131 1453 195 1524 ubi
219 1456 375 1544 sequitur
398 1456 508 1524 oratio
533 1447 681 1524 directa

131 1581 239 1650 Poeta
285 1581 389 1669 igitur
435 1590 533 1649 antea
578 1578 682 1650 nobis
727 1580 976 1650 accuratissime
1023 1576 1168 1658 indicat,
1220 1578 1307 1667 quid

130 1688 305 1778 contineat
329 1687 440 1756 oratio
465 1712 554 1775 quae
578 1687 748 1775 sequitur,
781 1687 827 1756 ita
851 1697 890 1756 ut
912 1684 999 1756 nihil
1023 1683 1307 1767 desideraremus

130 1795 160 1863 si
184 1792 318 1864 deesset
342 1795 452 1864 oratio
476 1792 540 1863 dir.
584 1791 822 1863 Translabitur
846 1791 1113 1882 quodammodo
1137 1805 1240 1882 poeta
1264 1821 1306 1864 ex

130 1902 288 1970 oratione
320 1899 465 1989 obliqua
496 1901 532 1969 in
560 1899 723 1971 directam
746 1938 780 1949 -
805 1897 842 1970 id
874 1898 973 1989 quod
1004 1899 1100 1988 apud
1131 1902 1306 1988 prosaicos

131 2032 234 2096 saepe
266 2006 468 2078 observatur
498 2045 531 2055 -
561 2018 594 2076 et
628 2005 869 2078 affirmaverim
905 2006 1078 2077 eiusmodi
1113 2006 1198 2077 locis
1233 2034 1306 2078 oras

127 2116 263 2185 tionem
287 2113 469 2204 obliquam
492 2116 529 2184 in
553 2112 705 2184 oriundo
737 2112 951 2201 deprehendi
975 2139 1088 2202 posse.
1136 2113 1306 2185 Simillimi

129 2232 211 2291 sunt
235 2219 271 2291 hi
294 2247 429 2292 versus:

134 2355 167 2412 Y
188 2346 316 2434 364f5:
342 2345 384 2426 δς
409 2348 488 2432 φατ’
512 2346 712 2435 ἐποτρύνων.
741 2349 886 2435 Τρώεσσι
911 2347 949 2412 δὲ
972 2347 1128 2432 φαίδιμος
1138 2345 1261 2437 Ἕκτωρ

238 2455 368 2520 κέκλεθ
400 2445 596 2542 ὁμοκλήσας,
630 2456 739 2539 φάτο
762 2455 793 2519 δ’
818 2458 966 2537 ἴμεναι
991 2453 1078 2521 ἄντ’
1103 2453 1304 2542 Ἀχιλῆος,

131 2549 583 2666 n1854s5=...,55;an
610 2576 770 2660 avara
897 2666 904 2676 ι

235 2687 452 2760 τοξευίειν.Ι
477 2724 531 2766 ,,-
549 2723 582 2734 -

237 2791 424 2880 (interpol,
449 2790 548 2882 quod
573 2818 622 2863 or.
647 2790 710 2864 dir.
734 2794 771 2862 in
794 2791 913 2862 medio
937 2818 1038 2862 versu
1062 2794 1182 2882 incipit
1191 2794 1228 2878 l).

126 2914 312 2988 Accedunt
334 2917 371 2986 in
395 2914 467 2987 Od.
492 2928 559 2987 tres
582 2916 650 2987 loci

126 3025 207 3095 55:
231 3040 314 3088 τοῖσι
339 3024 368 3088 δ’
393 3021 557 3110 Ἀθηναίη
582 3025 678 3105 λέγε
701 3024 834 3111 κη’δεα
860 3024 980 3089 πόλλ’
1006 3023 1198 3113 Ὀδυσῆος

126 3160 139 3194 ι
164 3131 254 3203 402:
279 3133 448 3214 ἱστάμενοι
474 3131 504 3196 δ’
528 3135 697 3219 εἴροντο
721 3140 797 3220 περὶ
822 3140 919 3208 σπέος
945 3128 1037 3196 ὅττι
1062 3134 1079 3196 ἑ
1102 3133 1224 3218 κη’δοι
1269 3112 1273 3124 ¹

127 3264 146 3302 κ
163 3237 252 3309 250:
277 3247 335 3302 καῖ
350 3239 426 3302 τότε
442 3242 516 3303 τῶν
533 3235 666 3304 ἄλλων
689 3240 856 3325 ἑταίρων
880 3235 1302 3326 κατέλεξενὸλεθρον

288 3344 368 3432 (qui
392 3369 512 3414 omnes
536 3343 621 3414 mihi
644 3342 775 3415 valde
801 3345 949 3432 suspecti
973 3346 1089 3430 sunt).

128 3451 293 3539 Denique
318 3448 360 3521 cf.
385 3452 486 3521 etiam
515 3459 545 3515 Y
570 3452 630 3523 15:
687 3479 688 3483 ¹

288 3558 490 3636 ...Διὸς
514 3558 544 3622 δ’
569 3557 762 3644 ἐξείρετο
784 3559 948 3646 βουλήν

127 3674 160 3733 et
185 3669 213 3728 Ω
242 3663 328 3759 143:
349 3655 425 3752 Ἶριν
449 3664 478 3728 δ’
503 3661 661 3753 ὤτρυνε
685 3664 846 3751 Κρονίδης
870 3672 930 3742 είς
947 3661 1076 3755 Ἴλιον
1101 3667 1206 3753 ἱρήν.

217 3789 286 3857 Hic
310 3785 452 3857 ultimus
476 3813 594 3858 versus
618 3799 799 3876 propterea
828 3789 865 3856 in
887 3786 975 3858 hanc
999 3787 1157 3858 locorum
1181 3790 1301 3859 seriem

127 3894 289 3981 pertinet,
324 3892 423 3982 quod
456 3904 572 3963 contra
596 3919 735 3964 omnem
760 3892 1048 3964 consuetudinem
1080 3893 1124 3964 ad
1155 3893 1301 3965 verbum

127 4001 290 4071 usitatum
325 3997 447 4088 ὤτρυνε
481 3998 627 4071 adicitur
661 4005 706 4080 είς
734 3998 834 4067 Ἴλιον
869 4004 944 4088 ἱρήν
980 4001 1033 4086 (er
1067 3998 1216 4073 schickte
1252 4003 1300 4072 sie

127 4104 213 4176 nach
239 4105 346 4191 Ilion)
370 4108 417 4176 ita
441 4116 479 4175 ut
502 4104 584 4176 haec
609 4107 776 4178 sententia
800 4104 869 4176 fere
894 4117 1061 4196 congruat
1085 4132 1163 4176 cum
1183 4106 1240 4178 illa
1264 4110 1300 4177 in

127 4237 200 4301 cap.
231 4215 319 4283 VIII
356 4212 523 4301 explicata
557 4222 663 4299 προίει
699 4215 834 4300 κη’ρυκα.
895 4214 1029 4286 Omnes
1068 4239 1159 4302 quos
1200 4215 1299 4283 citavi

126 4316 193 4389 loci
217 4321 304 4390 inter
327 4320 577 4389 recentissimos
603 4330 745 4389 exstant.
