3092 5134
767 487 991 556 ..30-

291 679 336 754 ad
358 689 392 859 [31
419 682 489 751 154
511 719 544 732 -
569 680 647 752 sind
671 680 728 751 die
751 684 862 752 Verse
886 680 1044 778 siimtlich¹
1061 680 1233 771 jonischa
1278 681 1364 752 Alio
1387 681 1473 752 loco

291 796 321 854 E
342 790 364 859 2
391 791 430 859 9:

426 894 469 973 άς
493 894 561 986 ἄρα
587 897 811 985 φωνήσαντες,
835 897 868 974 ἐς
891 894 1029 985 ἅρματα
1054 898 1190 963 ποικίλα
1214 899 1348 976 βάντες,

291 1003 440 1076 formula
471 1003 634 1093 frequens
668 1002 711 1082 dc
734 995 803 1090 ἄρα
820 1005 989 1097 ,φωνήσας
1020 1005 1057 1074 in
1087 1002 1254 1092 pluralem
1285 1028 1473 1076 numerum

291 1109 451 1183 translata
482 1123 550 1192 est,
584 1109 634 1204 id
655 1109 754 1200 quod
786 1108 913 1181 alicubi
935 1110 1036 1200 plane
1064 1112 1224 1200 ignotum
1256 1123 1323 1192 est;
1354 1111 1473 1184 dualis

292 1244 455 1290 numerus
479 1216 662 1290 exhibetur
684 1217 739 1288 his
761 1218 847 1289 locis
871 1220 980 1304 (serae
997 1221 1150 1305 aetatis):
1174 1226 1205 1285 Z
1219 1222 1307 1300 232;
1334 1227 1363 1286 Κ
1380 1221 1472 1304 349;

293 1354 317 1392 ω
337 1326 424 1398 361:
449 1324 492 1405 dr
510 1323 577 1415 ἄρα
594 1325 836 1414 φωνήσαντε.1)
869 1327 1034 1397 Ceterum
1049 1335 1081 1392 E
1094 1329 1165 1397 239
1190 1352 1268 1398 cum
1292 1352 1364 1397 uno
1388 1327 1473 1399 loco

292 1441 323 1501 Z
344 1435 415 1505 232
446 1433 641 1522 asyndeton
672 1458 855 1504 commune
887 1432 1008 1515 habet,
1044 1459 1117 1523 quo
1149 1433 1295 1505 adicitur
1325 1433 1473 1506 alterum

292 1542 529 1630 participium:

683 1632 896 1718 φωνήσαντες
923 1640 929 1707 Ι
955 1632 1079 1710 βάντες

681 1739 879 1826 φωνήσαντε
924 1749 930 1815 Ι
956 1739 1062 1817 βάντε

384 1847 491 1915 Porro
514 1846 573 1916 vix
597 1870 678 1916 casu
701 1843 831 1916 factum
854 1857 915 1926 est,
949 1844 1048 1935 quod
1071 1857 1138 1916 tres
1160 1844 1230 1916 loci
1252 1847 1289 1915 in
1313 1844 1475 1918 Dolonia

294 1964 501 2040 comparent.
545 1959 576 2018 K
599 1952 687 2022 254:
723 1949 766 2030 cic
797 1953 938 2020 εἰπόνθ’
1053 2008 1087 2023 ..
1110 1953 1232 2041 ἐδύτην
1265 1951 1384 2022 similis
1419 1966 1475 2023 est

293 2056 372 2130 loco
399 2065 431 2125 Φ
455 2061 544 2130 298:

399 2165 444 2232 τω
468 2171 530 2252 μὲν
554 2163 610 2255 ἄρ’
629 2163 673 2244 dic
696 2167 833 2233 εἰπόντε
854 2173 926 2252 μετ’
950 2165 1152 2245 α’θανάτσνς
1176 2165 1360 2255 α’πεβήτην.

295 2271 356 2358 (ad
388 2298 493 2362 quem
525 2272 624 2362 plura
657 2271 857 2344 adnotanda
889 2285 988 2344 erunt
1020 2275 1057 2344 in
1087 2272 1190 2345 altera
1221 2273 1474 2346 dissertationis

294 2381 417 2469 parte).

382 2486 495 2558 Aliud
530 2489 657 2559 crimen
691 2500 761 2570 est,
797 2488 896 2578 quod
933 2487 1050 2561 Ulixis
1085 2515 1201 2578 preces
1236 2496 1268 2555 Κ
1290 2491 1473 2560 278-282

295 2604 398 2683 poeta
433 2596 572 2684 propria
607 2594 756 2668 formula
792 2596 974 2685 complecti
1007 2595 1236 2685 supersedens
1271 2608 1352 2685 post
1382 2597 1473 2667 Dios
1527 2590 1528 2639 f

294 2693 406 2772 medis
441 2702 583 2774 demum
617 2705 850 2792 precationem
889 2706 938 2791 (K
972 2705 1169 2791 283-294)
1209 2703 1474 2793 comprehendit
1527 2742 1528 2785 1

295 2807 444 2881 formula
473 2811 549 2898 ipsa
579 2836 723 2900 quoque
747 2813 909 2883 inusitata
932 2818 964 2877 Κ
986 2813 1073 2881 2952
1109 2809 1152 2890 dc
1176 2810 1262 2896 ἔφαν
1285 2809 1472 2896 εὐχόμενοι,

296 2941 401 3006 quam
425 2919 623 3005 composuit
645 2929 874 3007 transponens
901 2917 1087 2989 formulam
1108 2917 1285 3008 vulgarem
1308 2916 1351 2996 dc
1376 2916 1474 3003 ἔφατ’
1527 2994 1528 2999 ¹

295 3022 473 3109 εὐχόμενος
503 3025 540 3095 in
570 3024 738 3113 pluralem
768 3051 969 3106 numerum;
1001 3052 1044 3096 ex
1067 3052 1141 3115 quo
1164 3028 1288 3096 iterum
1311 3025 1472 3113 aperitur,
1527 3080 1528 3123 ,

296 3156 402 3219 quam
425 3131 589 3220 propensi
612 3130 740 3203 fuerint
768 3134 909 3223 epigoni
941 3144 1063 3221 poetae
1095 3132 1139 3203 ad
1171 3131 1366 3220 complures
1397 3152 1473 3203 oras

295 3239 408 3308 tiones
431 3263 500 3308 una
524 3241 822 3310 consummatione
848 3238 1135 3328 complectendas.
1527 3236 1528 3241 ἵ

385 3352 417 3410 Κ
433 3345 520 3415 349:
546 3342 589 3424 άς
605 3343 673 3435 ἄρα
691 3348 888 3434 φωνήσαντε
913 3345 957 3417 ad
981 3371 1143 3417 versuum
1160 3353 1192 3411 Κ
1207 3346 1279 3415 254
1294 3356 1327 3415 et
1345 3353 1374 3410 Κ
1389 3346 1474 3427 293,

296 3476 387 3540 quos
411 3476 515 3540 supra
538 3455 668 3534 notavi,
691 3455 813 3524 seriem
836 3455 992 3542 pertinet.
1038 3451 1186 3524 Accedit
1209 3479 1233 3518 ω
1260 3453 1340 3522 361.

386 3562 527 3630 Restant
550 3558 624 3630 duo
647 3559 717 3631 loci
739 3559 923 3631 manifesto
947 3559 1132 3631 adiecticii:

297 3671 326 3730 Ω
355 3665 506 3752 141s42:

456 3771 500 3852 cic
524 3777 556 3840 οἵ
576 3782 607 3858 y'
629 3775 666 3842 ἐν
689 3779 779 3863 νήάν
802 3774 920 3864 α’γόρεν
943 3776 1049 3864 μήτηρ
1072 3802 1108 3841 τε
1131 3784 1188 3841 καὶ
1211 3775 1285 3853 υἱός

457 3881 567 3948 πολλά
592 3883 677 3971 πρός
700 3881 865 3970 άλλήλονς
889 3881 974 3949 ἔπεα
998 3884 1169 3971 πτερόεντ’
1192 3881 1364 3971 α’γόρενον,

297 4014 367 4078 qua
398 3989 564 4060 sententia
599 3988 790 4060 luculenter
821 3991 1052 4079 epigonorum
1083 3987 1302 4059 consuetudo
1333 3987 1475 4061 dicendi

296 4106 576 4183 repraesentatur.

389 4349 416 4418 l)
434 4347 527 4419 Quod
547 4354 630 4406 etiam
650 4355 673 4402 E
689 4351 742 4406 239
760 4347 888 4406 scribunt
907 4347 992 4406 codd.
1012 4347 1080 4406 dett.
