3092 5134
754 457 975 528 ..18-

439 692 496 731 ,‚-
520 662 577 720 καῖ
600 655 756 740 λεγούσης
779 659 838 741 τῆς
861 653 960 741 κόρης

439 763 554 850 κύψας
577 762 737 848 Λυσικλῆς
759 759 939 848 ἠσπάσατο
961 761 1038 840 τούς
1059 761 1184 840 τόπους
1208 770 1264 810 -“

280 886 372 982 etin
396 884 566 957 Eustathii
597 884 801 975 philosophi
832 884 902 957 fab.
934 884 978 957 de
1003 888 1176 973 Hysmina
1207 898 1241 957 et
1269 887 1458 973 Hysminia

278 1001 308 1057 Δ
331 994 345 1061 Ι
372 993 410 1062 3:
435 1030 491 1070 „-
514 992 575 1059 cciv
600 1000 836 1083 Κρατισθένης)
867 995 998 1071 δεικνύς
1022 1002 1079 1042 -“
1107 994 1179 1078 (»-
1204 1019 1240 1062 er
1263 994 1371 1082 zeigte
1395 993 1465 1063 auf

280 1101 339 1169 Kr.
364 1100 448 1185 -«).
496 1098 656 1171 Similiter
680 1126 695 1178 ς
719 1103 763 1180 ΙΙ,
788 1102 822 1171 2.

370 1224 439 1293 Hic
462 1221 561 1294 liceat
583 1222 669 1294 mihi
693 1223 862 1295 etiamad
886 1224 993 1295 alium
1008 1226 1236 1295 recentiorum
1252 1250 1355 1295 usum
1378 1224 1458 1296 illu,

279 1329 459 1402 strandum
472 1332 646 1419 expatiari.
668 1332 775 1419 Saepe
789 1333 880 1401 enim
893 1331 1144 1420 complexionis
1157 1331 1303 1402 verbum
1315 1330 1458 1402 dicendi

281 1436 445 1508 omittunt
468 1439 529 1518 ita,
562 1449 600 1508 ut
622 1437 776 1529 legamus
800 1437 937 1509 Theod.
961 1437 1006 1509 de
1031 1437 1121 1509 Rod.
1146 1450 1179 1509 et
1201 1440 1291 1509 Dos.
1315 1446 1345 1504 Γ
1366 1440 1457 1510 319:

280 1543 389 1630 Ὁμὲν
404 1547 565 1633 Λυσικλῆς
587 1551 697 1613 ταῦτα
720 1550 763 1642 τῇ
779 1553 985 1643 ποθουμένῃ.
1024 1544 1136 1634 Apud
1153 1545 1304 1617 eundem
1322 1550 1351 1612 Θ
1368 1546 1438 1615 205
1449 1577 1456 1616 :

283 1650 303 1738 ἤ
333 1658 395 1737 μὲν
426 1659 546 1718 Πυθία
578 1657 688 1719 ταῦτα
720 1669 788 1731 τοῖς
817 1655 990 1741 γηραλέοις
1025 1664 1059 1722 et
1089 1650 1184 1741 apud
1217 1654 1379 1724 Nicetam
1410 1650 1458 1723 de

281 1757 435 1829 Drosilla
471 1770 504 1828 et
534 1757 693 1830 Charicle
724 1762 777 1829 VI
810 1761 898 1830 291:
935 1757 1020 1827 οὕτω
1055 1766 1117 1845 μὲν
1152 1751 1212 1826 οὖν
1246 1760 1386 1838 ἐκεῖνος,
1421 1772 1459 1829 et

281 1890 382 1953 saepe
407 1864 448 1936 al.
522 1865 528 1884 ‘
599 1873 600 1880 ’
1084 1887 1088 1900 “

371 1989 478 2061 Unde
517 1990 606 2063 adeo
645 1991 689 2062 ad
724 1990 976 2063 hodiernorum
1010 2018 1204 2064 sermonem
1238 1991 1456 2064 deducimur.

281 2096 536 2169 Collustremus
559 2090 811 2169 hodiernorum
835 2101 1040 2188 scriptorum
1063 2098 1251 2171 dictionem
1272 2101 1457 2188 praecipue

280 2206 317 2273 in
329 2203 457 2275 fabulis
468 2204 746 2276 Romanensibus
759 2205 911 2287 obviam,
924 2208 1056 2296 quippe
1070 2232 1159 2295 quae
1171 2204 1290 2277 studio
1300 2205 1457 2276 novandi

281 2309 449 2382 excellant
472 2323 505 2382 et
528 2311 631 2382 nobis
654 2315 785 2401 optime
802 2311 988 2402 praebeant
1003 2311 1051 2394 id,
1069 2311 1167 2402 quod
1184 2323 1320 2383 nostrae
1337 2314 1457 2383 aetatis

281 2419 463 2506 proprium
487 2431 546 2489 est.

357 2545 547 2642 'Summam
564 2547 835 2616 commotionem
850 2546 1046 2615 invenimus
1062 2547 1098 2615 in
1114 2544 1331 2617 orationibus
1347 2543 1456 2615 direca

223 2741 226 2753 Ι
280 2651 334 2730 tis,
352 2676 421 2739 que
433 2676 596 2740 persaepe
613 2651 797 2740 plurimam
810 2663 941 2740 partem
957 2650 1153 2723 fabularum
1166 2650 1334 2722 obtinent.
1359 2653 1456 2722 Nam

282 2758 426 2845 scriptor
460 2757 564 2829 nobis
599 2784 763 2847 personas
794 2761 886 2847 ipsas
922 2756 1168 2829 contendentes
1204 2760 1380 2847 proponit,
1416 2770 1458 2828 ut

281 2862 376 2955 velut
410 2867 535 2935 nostris
570 2864 712 2936 auribus
747 2864 866 2937 audire
901 2864 1090 2936 videamur.
1142 2869 1263 2955 ltaque
1299 2866 1455 2935 scaenico

280 2972 396 3059 generi
420 2969 560 3043 dicendi
584 2998 704 3043 eorum
727 2972 859 3043 locutio
884 2974 1082 3062 propinqua
1106 2985 1166 3043 est.

372 3100 537 3186 Persaepe
567 3099 656 3170 inter
678 3097 769 3168 duos
793 3097 925 3187 dialogi
953 3123 1127 3168 sermones
1158 3096 1245 3168 nihil
1275 3095 1458 3168 intercedit

281 3205 347 3274 nisi
371 3216 488 3293 gestus
511 3203 697 3293 descriptio
722 3204 851 3294 qualis:
884 3207 951 3274 »Er
973 3203 1126 3286 liichelte,
1158 3231 1194 3274 er
1216 3203 1368 3275 seufzte«
1392 3215 1456 3275 etc.

282 3312 382 3399 Quas
406 3309 572 3382 formulas
595 3314 667 3383 sive
691 3310 812 3382 breves
836 3313 908 3382 sive
931 3311 1053 3405 longas
1069 3309 1236 3382 'hodierni
1256 3337 1329 3381 non
1345 3308 1456 3381 modo

281 3419 318 3488 in
341 3416 472 3489 medias
496 3421 670 3490 orationes
693 3421 882 3518 innectunt,
906 3417 954 3499 id,
979 3417 1079 3508 quod
1102 3421 1170 3488 iam
1188 3417 1285 3489 Plato
1303 3430 1336 3489 et
1352 3419 1457 3506 scripu

280 3536 372 3596 tores
407 3528 524 3598 erotici
559 3524 637 3604 sibi„
661 3528 898 3615 permiserunt,
934 3524 995 3596 sed
1031 3524 1118 3597 ultra
1154 3524 1357 3614 procedunt,
1393 3524 1457 3596 has

282 3630 447 3704 formulas
471 3658 550 3703 cum
566 3632 783 3705 orationibus
799 3635 836 3703 in
852 3658 957 3703 unam
973 3635 1175 3703 sententiam
1196 3634 1458 3721 coniungentes,

281 3737 408 3810 scilicet
438 3741 495 3821 ita,
527 3752 566 3811 ut
597 3743 707 3812 oratio
738 3739 866 3812 directa
898 3739 1025 3812 obiecti
1056 3739 1271 3811 functionem
1301 3741 1457 3828 accipiat.

283 3846 394 3934 Quod
419 3857 457 3916 ut
480 3846 617 3935 planius
641 3849 819 3936 percipias,
843 3846 1012 3918 nonnulla
1035 3845 1195 3918 adscribo
1219 3844 1394 3935 exempla:

494 3957 572 4034 »ἔα
597 3999 632 4043 er
654 3970 809 4045 liichelte.

494 4104 549 4141 »-
574 4105 610 4150 er
631 4078 775 4174 lichelte
799 4105 856 4142 -e

366 4261 369 4268 ‚
494 4211 549 4248 »-
573 4185 716 4258 lichelte
741 4213 777 4257 er
800 4212 855 4249 -«

494 4318 572 4356 »-«
597 4293 740 4364 liichelte
764 4319 810 4364 er.
