3092 5134
728 505 977 574 -126-

353 699 518 772 Difficilis
550 713 583 773 et
614 700 816 791 complicata
849 711 899 770 est
930 702 1106 790 quaestio,
1139 726 1228 789 quae
1261 703 1370 771 oritur
1393 699 1438 771 de

264 807 393 879 ultimis
425 808 504 879 libri
528 812 546 886 ζ
568 808 736 879 versibus.
784 809 933 896 Litigant
965 810 1056 877 enim
1087 809 1151 879 viri
1175 805 1288 888 docti,
1321 819 1438 878 utrum

262 927 335 986 tota
353 915 470 985 Ulixis
485 917 636 1003 precatio
654 917 690 1001 (ζ
707 915 904 999 324-327)
925 912 1073 984 delenda
1090 916 1133 985 sit
1146 915 1222 1000 ⁶(sic
1240 914 1438 1003 Bergkius),

263 1048 306 1092 an
330 1048 407 1111 pars
432 1024 596 1092 orationis
621 1033 659 1092 ut
683 1020 888 1109 interpolata
904 1019 1059 1091 eicienda
1075 1021 1161 1107 sit,¹)
1187 1020 1244 1092 alii
1260 1024 1438 1110 sequentis

263 1127 384 1216 librin
422 1130 571 1218 primum
605 1153 742 1199 versum
779 1126 963 1198 sollicitant
998 1130 1063 1214 (sic
1087 1127 1210 1209 Lehrs,
1247 1130 1437 1214 Kammer).

264 1233 437 1325 Equidem
468 1234 534 1305 hoc
569 1234 700 1306 iudico.
744 1238 899 1305 Fortasse
927 1263 946 1322 η
976 1237 990 1304 1
1019 1233 1194 1306 eiciendus
1227 1246 1294 1315 est,
1328 1261 1437 1324 ¹quem

264 1340 406 1412 demum
438 1354 518 1431 post
542 1344 730 1413 carminum
761 1368 823 1430 per
845 1340 953 1411 libros
978 1340 1187 1413 divisionem
1219 1354 1252 1412 et
1275 1344 1311 1411 in
1334 1368 1438 1411 usum

263 1450 373 1538 ipsius
407 1447 590 1520 divisionis
629 1448 758 1519 factum
798 1474 870 1519 esse
909 1474 988 1519 cum
1027 1448 1179 1538 quadam
1218 1450 1289 1520 veri
1324 1450 1438 1538 specie

263 1557 408 1626 conici0.
464 1557 543 1626 Sine
579 1553 691 1626 dubio
726 1582 845 1627 versus
879 1584 898 1643 η
928 1557 942 1624 l
982 1557 1147 1626 orationis
1182 1556 1288 1626 finem
1323 1560 1341 1633 ζ
1366 1556 1436 1625 327

263 1665 376 1733 statim
399 1665 537 1752 insequi
560 1688 634 1733 non
657 1675 801 1751 poterat.
849 1661 960 1752 Quod
986 1664 1014 1732 si
1038 1661 1249 1744 admitteres,
1280 1662 1362 1733 haec
1386 1664 1437 1732 ina

263 1769 381 1840 audita
414 1761 510 1840 fieret
544 1772 674 1858 species
710 1769 1010 1858 complexionum!
1067 1771 1101 1840 Si
1132 1772 1242 1840 oratio
1273 1772 1438 1840 retinetur

263 1879 335 1948 sive
365 1888 438 1947 tota
469 1879 541 1948 sive
571 1876 764 1957 decurtata,
797 1876 895 1946 nullo
919 1874 1029 1946 modo
1060 1876 1104 1947 ab
1129 1903 1167 1947 ea
1191 1876 1335 1947 avellere
1358 1876 1439 1947 licet

171 2047 177 2057 ,
264 1987 280 2060 ζ
295 1984 382 2056 328:
400 1983 442 2061 dr
455 1982 550 2068 ἔφατ’
563 1982 750 2068 εὐχόμενος.
786 1987 907 2072 ltaque
920 1982 1103 2054 exsecandi
1119 1995 1219 2053 erunt
1232 1987 1249 2061 ζ
1263 1984 1388 2071 323-η
1407 1986 1438 2063 l,

262 2090 299 2160 id
324 2089 422 2179 quod
447 2090 532 2160 mihi
556 2091 687 2179 optime
717 2089 798 2161 huic
822 2092 908 2161 vitio
932 2088 1062 2160 mederi
1085 2088 1232 2161 videtur.
1276 2091 1439 2179 Augetur

262 2222 337 2267 mea
361 2200 513 2285 suspicio
537 2196 718 2268 observata
740 2195 944 2268 inductione
969 2202 987 2275 ζ
1011 2199 1100 2271 323:

423 2303 531 2371 αὐτίκ’
555 2302 659 2370 ἔπειτ’
684 2304 788 2392 ἠρᾶτο
812 2304 892 2383 Διός
916 2307 1013 2401 κούρῃ
1038 2307 1197 2389 μεγάλοιο

262 2412 376 2481 ποίους
400 2423 541 2500 propter
572 2410 753 2501 particulas
786 2410 892 2477 οὔτοί
919 2411 1054 2493 ἔπειτα,
1087 2438 1176 2501 quae
1201 2411 1287 2483 anal,
1312 2424 1437 2492 carent,

262 2543 367 2607 quam
397 2531 539 2607 propter
570 2530 763 2608 suspectam
795 2516 1077 2600 similitudinem,
1113 2545 1183 2608 qua
1215 2521 1439 2608 coniungitur

186 2708 190 2714 ,
263 2629 280 2703 ζ
305 2627 373 2696 323
399 2651 477 2696 cum
500 2628 585 2696 mira
608 2624 666 2696 illa
690 2624 842 2696 clausula
865 2654 885 2709 y
909 2627 973 2695 62:

421 2732 465 2812 ὥς
489 2732 541 2821 ἄρ’
566 2732 671 2799 ἔπειτ’
694 2732 799 2820 ἠρᾶτο
823 2743 879 2798 καὶ
905 2732 990 2822 αὐτή
1017 2735 1131 2800 πάντα
1155 2735 1303 2800 τελεύτα.
1385 2778 1387 2784 2

352 3087 428 3159 Ind.
445 3115 463 3174 η
483 3090 571 3158 298:
595 3089 657 3154 cdv
681 3090 712 3155 δ’
729 3080 805 3154 αὖτ’
818 2991 981 3167 >Αλλοίνοος
1006 3089 1215 3173 οἷπαμείβετο
1235 3093 1385 3178 φώνησέν
1401 3117 1438 3155 τε

260 3222 337 3275 rec„
361 3193 448 3265 anal.
476 3204 508 3260 Y
531 3196 616 3274 199;
640 3223 659 3282 η
687 3196 775 3275 308;
807 3203 836 3261 θ
863 3196 941 3276 140,
965 3198 1055 3281 4003
1079 3198 1098 3261 λ
1124 3198 1204 3277 347,
1231 3198 1318 3276 362;
1350 3224 1369 3263 v
1395 3198 1436 3284 λς

260 3330 278 3390 ρ
302 3302 392 3382 445;
415 3329 435 3367 τ
457 3302 547 3387 405;
572 3330 596 3368 ω
622 3303 703 3372 327.

351 3407 427 3478 rna.
451 3435 470 3495 η
497 3392 591 3478 ποί

367 3513 544 3600 εὐχόμενος
569 3517 598 3580 d'
616 3514 684 3605 ἄρα
708 3517 812 3592 εἶπεν,
837 3515 916 3595 ἔπος
939 3524 970 3582 τ’
986 3515 1082 3601 ἔφατ’
1106 3516 1142 3582 ἔκ
1162 3524 1191 3582 τ’
1210 3516 1377 3602 ὀνόμαζεν

261 3619 362 3692 valde
387 3646 492 3710 susp,
524 3620 566 3693 al.
590 3648 663 3692 non
687 3634 814 3708 exstat;
847 3624 1095 3695 contaminatae
1127 3635 1208 3694 sunt
1238 3621 1328 3696 duae
1360 3650 1436 3695 sens

261 3729 385 3797 tentiae
416 3726 593 3811 εὐχόμενος
625 3729 655 3794 d’
679 3727 747 3817 ἄρα
771 3730 865 3795 εἶπεν
901 3741 934 3800 et
964 3727 1043 3807 ἔπος
1074 3732 1103 3795 τ’
1129 3728 1224 3815 ἔφατ’
1249 3728 1285 3795 ἔκ
1307 3737 1337 3796 τ’
1361 3730 1434 3797 ὀνό-

153 3897 156 3901 ,
261 3837 377 3919 μοιζεν.
412 3836 636 3920 η298-347
662 3837 763 3906 etiam
789 3834 1008 3906 Kirchhoffio
1032 3862 1089 3925 pg.
1115 3838 1187 3906 210
1211 3822 1303 3926 susp.
1329 3848 1434 3907 erant.

260 3937 416 4021 Accedit,
441 3939 540 4029 quod
565 3943 721 4031 sequitur
745 3941 853 4012 concl.
877 3969 896 4031 η
923 3944 1010 4015 334:

367 4045 410 4125 ὥς
434 4052 469 4111 οἳ
486 4053 549 4131 μὲν
571 4053 713 4114 τοιαῦτα
738 4050 823 4136 προς
848 4047 1011 4136 οἷλλήλοος
1036 4048 1197 4139 οἷγόρεοον
1222 4052 1312 4139 (cap.
1330 4052 1410 4136 III).

350 4261 377 4329 l)
397 4263 411 4321 ζ
430 4262 559 4318 328-331
584 4259 758 4317 damnantur
785 4282 801 4317 a
827 4263 855 4318 P.
876 4260 1030 4334 Knightio,
1062 4260 1257 4328 Kirchhoffio‚
1290 4262 1433 4330 Nitschio,

260 4345 428 4406 Ludwichio
447 4345 483 4405 al.
