3092 5134
560 531 782 638 „p5-

171 725 291 797 Redeo
315 725 360 796 ad
377 725 634 797 conclusionem
649 723 906 813 disputandam.
940 729 1074 796 Praeter
1089 723 1255 795 formulas

81 832 156 904 illas
192 830 234 912 dg
259 831 354 918 ἔφατ’
385 835 459 902 sim.
490 835 667 902 Homerus
698 857 799 920 saepe
829 832 961 903 auxilio
996 833 1255 920 participiorum

80 939 123 1018 οἳς
143 941 259 1020 εἰπόνί
284 937 327 1018 dg
350 937 419 1028 ἄρα
444 939 602 1026 φωνήσας
628 940 702 1008 sim.
728 940 889 1028 exprimit
912 965 961 1020 ea,
986 964 1075 1028 quae
1099 937 1255 1008 eiusdem

79 1048 245 1135 temporis
269 1058 350 1117 sunt
373 1057 477 1136 atque
502 1048 613 1117 oratio
638 1047 727 1134 ipsa;
753 1047 816 1136 qui
840 1070 993 1116 conexus
1009 1043 1094 1115 mihi
1111 1044 1255 1135 quidem

80 1155 184 1224 artior
208 1166 241 1223 et
264 1155 410 1224 strictior
434 1179 506 1223 esse
530 1150 667 1223 videtur
692 1177 798 1242 quam
829 1177 933 1242 quem
964 1151 1052 1222 illud
1084 1151 1127 1230 dic
1159 1151 1255 1238 ἔφατ’

80 1271 237 1349 praestat.
285 1261 384 1349 Quin
408 1261 510 1330 etiam
538 1257 712 1330 observari
743 1270 859 1348 potest
889 1258 972 1329 haec
1003 1259 1181 1347 participia
1212 1258 1255 1337 ὥς

80 1369 185 1434 εἰπόν
209 1369 283 1438 sim.
308 1378 429 1456 postea
453 1392 519 1436 usu
543 1364 736 1447 hebescere,
760 1368 807 1438 ita
831 1377 870 1436 ut
893 1364 1040 1454 simplici
1064 1390 1149 1436 »soc
1169 1368 1255 1437 verti

80 1475 224 1563 possint.
272 1477 324 1544 Ex
348 1473 586 1562 exemplorum
610 1499 755 1543 numero
779 1469 854 1543 duo
878 1472 981 1562 elegi:

125 1583 256 1674 6340:
281 1578 332 1659 oie
354 1580 489 1647 εἰπολν
512 1581 686 1646 ἐπέεσσι
711 1581 899 1666 διεπτοιησε
922 1595 1159 1661 roverinae...

79 1686 142 1758 ubi
166 1689 237 1758 sive
260 1688 366 1756 εἰπόν
390 1689 461 1758 sive
484 1688 616 1754 ἐπέεσσι
640 1684 806 1757 abundat.

128 1803 159 1860 Y
169 1795 256 1865 340:
278 1792 570 1872 όόςελπολνλίπεν
588 1791 726 1869 αὐτόθ’,
743 1793 832 1860 ἐπεὶ
850 1794 1094 1881 διεπέφραδε
1107 1794 1252 1859 πάντα.

169 1899 346 1973 Omnibus
379 1899 448 1970 fere
480 1899 564 1970 locis
599 1899 656 1970 illa
692 1901 870 1988 participia
905 1925 966 1988 per
1000 1901 1253 1969 nominativum

80 2006 297 2094 exhibentur,
325 2005 386 2078 sed
411 2033 446 2077 se
470 2005 625 2076 offerunt
640 2007 742 2077 etiam
759 2007 860 2094 pauci
876 2031 1005 2086 versus,
1026 2004 1089 2075 ubi
1105 2017 1254 2094 ponatur

78 2116 258 2205 genetivus
283 2112 345 2185 'vel
375 2113 513 2184 dativus
536 2112 592 2184 vel
616 2115 838 2183 accusativus.
887 2115 991 2201 Quos
1015 2115 1077 2202 qui
1101 2123 1254 2183 accurate

78 2225 166 2293 inter
190 2249 224 2293 se
257 2223 514 2310 comparaverit,
548 2245 628 2290 eum
658 2220 717 2290 vix
751 2218 869 2309 fugere
901 2221 1027 2308 poterit
1058 2221 1099 2289 iis
1130 2221 1254 2292 iterum

80 2355 300 2419 progressum
324 2326 500 2418 quendam
523 2328 766 2415 repraesentari
784 2325 827 2396 ad
844 2337 950 2396 artem
966 2328 1074 2415 magis
1091 2324 1252 2414 politam;

78 2461 158 2506 narn
182 2474 215 2485 -
240 2447 279 2506 ut
302 2432 462 2536 exemplo
487 2444 618 2504 utar-
643 2435 679 2503 in
702 2458 803 2504 versu
828 2460 844 2497 ο
873 2433 941 2502 160
965 2433 1115 2518 (1525)

186 2541 228 2620 όλς
252 2540 321 2629 ἄρα
347 2546 376 2606 ol
401 2542 532 2607 εἰπόντι
556 2541 727 2607 ἐπέπτατο
752 2541 860 2617 ὄέξιος
885 2537 987 2626 όρνις·

77 2647 132 2720 vel
157 2648 218 2719 illo
242 2657 278 2714 X
302 2650 389 2718 361:

185 2755 228 2835 οἳς
251 2753 320 2844 ἄρα
344 2782 402 2841 μιν
425 2756 568 2822 εἰπόντα
591 2756 684 2832 τέλος
707 2755 878 2821 θανάτοιο
901 2755 1057 2842 κάλυψεν

78 2876 111 2934 et
134 2891 150 2928 ε
175 2864 262 2933 313:
742 2936 746 2951 ⁸

184 2969 227 3048 οἳς
252 2968 319 3059 ἄρα
343 2998 401 3056 μιν
425 2971 560 3063 εἰπόντ(
580 2968 698 3035 ἔλασεν
721 2980 808 3054 μέγα
832 2973 922 3054 κῦμα
947 2976 1021 3034 κατ’
1046 2966 1148 3056 ἄκρης

78 3103 151 3147 non
175 3076 372 3166 simpliciter
388 3078 590 3165 exprimitur
605 3077 804 3164 apparuisse
820 3073 954 3165 aliquid
970 3075 1129 3166 loquenti
1141 3086 1252 3164 post·

79 3209 208 3273 quam
231 3182 335 3255 verba
359 3182 449 3264 fecit,
473 3185 580 3252 immo
604 3209 686 3252 vero
711 3195 814 3270 poeta
838 3180 1006 3271 explicare
1031 3181 1163 3253 studet:

77 3289 307 3361 Wihrend
332 3317 375 3361 er
397 3289 515 3361 noch
540 3314 587 3359 so
611 3289 783 3378 sprach,
807 3288 958 3378 flog...

78 3396 309 3467 Wihrend
333 3424 376 3467 er
398 3395 512 3467 noch
537 3395 776 3485 sosprach,
801 3393 1174 3466 umhiillteihnschon
1189 3394 1252 3466 das

185 3503 449 3575 Todesdunkel.

169 3615 289 3700 Itaque
320 3610 374 3681 his
404 3635 494 3700 quos
517 3612 612 3700 attigi
639 3609 725 3680 locis
752 3612 862 3698 prima
890 3612 1049 3700 quamvis
1076 3612 1252 3698 incompta

78 3719 259 3789 conamina
286 3720 365 3789 artis
397 3715 492 3806 apud
524 3716 702 3788 inferiores
733 3719 842 3806 magis
874 3715 983 3788 cultae
1015 3728 1048 3786 et
1079 3715 1251 3805 expolitae

77 3824 203 3896 detexi.
258 3826 371 3896 Cuius
402 3826 481 3895 artis
512 3823 608 3895 haud
644 3820 769 3912 parvus
809 3849 1010 3913 progressus
1050 3824 1254 3912 exprimitur

78 3931 237 4013 formula,
262 3957 352 4022 quae
375 3942 486 4002 exstat
508 3938 540 3995 K
563 3932 644 4011 540,
669 3957 696 3997 π
723 3932 776 4011 11,
795 3931 879 4001 351:

339 4036 442 4105 Οόποι
469 4042 541 4105 ποῖν
564 4041 671 4125 εἴρητο
695 4035 784 4115 ἔπος,
808 4038 887 4105 ἐπεί
906 4090 912 4103 .
939 4091 946 4104 .
973 4091 979 4104 .

79 4147 147 4216 Hic
172 4157 274 4234 poeta
306 4144 459 4216 dilucide
492 4156 525 4215 et
555 4143 690 4214 disertis
722 4143 837 4215 verbis
869 4145 1029 4232 exprimit
1059 4146 1250 4215 orationem

76 4250 237 4323 nondum
272 4252 317 4323 ad
352 4252 457 4322 finem
493 4250 693 4344 perductam
725 4265 809 4331 esse,
841 4277 919 4321 cum
951 4249 1074 4322 accidit
1105 4249 1249 4342 aliquid.

78 4364 159 4431 Huc
185 4386 329 4449 quoque
353 4361 499 4447 pertinet
521 4367 555 4423 A
577 4360 663 4428 4ll:
