3092 5134
735 484 961 551 ..22-

263 677 381 764 paucis
412 701 467 746 me
492 679 685 749 contineam
709 717 742 728 —-
767 677 810 756 tic
833 680 984 761 λέγουσιν
1010 681 1190 764 (Cratinus
1222 678 1262 749 fr.
1291 681 1359 750 164
1382 677 1439 749 ed.

264 781 365 852 Kock
388 810 417 854 a.
447 785 556 870 1880)
588 795 621 854 et
652 784 712 864 al.;
752 784 795 863 ὥς
820 783 839 851 ὅ
872 786 1021 864 παλαιὰς
1052 787 1149 868 λόγος
1180 788 1291 871 (Crat.
1308 784 1348 856 fr.
1370 788 1438 857 169

264 899 296 958 et
326 888 386 978 al.)
422 889 465 968 uic
495 898 557 976 μὲν
590 890 787 982 ἀνθρώπων
822 893 919 974 λόγος
962 894 1073 979 (Crat.
1091 892 1146 963 lt.
1171 895 1241 964 228
1273 896 1353 980 etc.)
1394 891 1438 970 ὅς

263 1017 361 1084 φησιν
393 997 579 1086 (Diphilus
610 997 650 1068 fr.
682 1001 729 1068 66
760 1010 794 1068 et
820 998 897 1085 al.);
931 998 1098 1087 pluralem
1127 1025 1310 1070 numerum
1341 998 1437 1088 apud

262 1102 517 1186 Menandrum,
552 1104 647 1195 apud
677 1106 892 1195 Aeschylum
924 1105 981 1192 (fr.
1012 1108 1117 1193 323):
1153 1105 1197 1185 ὦς
1224 1108 1311 1190 λέγει
1342 1118 1438 1197 γέρον

140 1235 169 1314 Ι·
261 1213 410 1300 γράμμα.
473 1216 569 1284 Haec
608 1213 782 1286 sufficiant
822 1213 989 1303 exempla.
1050 1217 1233 1304 Quantum
1272 1214 1438 1304 equidem

261 1317 425 1401 viderim,
462 1346 595 1410 semper
626 1320 669 1400 ὦς
700 1320 744 1393 ab
769 1320 963 1392 editoribus
990 1323 1063 1392 sine
1094 1334 1236 1393 accentu
1267 1321 1436 1402 scribitur,

260 1428 281 1495 i.
307 1453 335 1496 e.
367 1427 506 1499 relativa
530 1428 735 1518 significatio
776 1431 885 1500 »wie«
921 1430 952 1499 ei
983 1428 1094 1500 datur.
1142 1427 1254 1519 Quod
1290 1428 1437 1518 probare

260 1559 333 1604 non
371 1560 525 1622 possum.
581 1538 712 1606 Nonne
751 1535 850 1608 vides
888 1538 924 1606 in
962 1536 1016 1606 his
1055 1539 1231 1610 sententiis
1270 1548 1437 1610 servatam

260 1640 460 1729 particulam
505 1641 599 1713 illam
638 1641 681 1721 ὥς
720 1645 859 1729 (asor),
905 1670 1006 1733 quae
1036 1643 1252 1715 conclusioni
1297 1647 1436 1733 propria

260 1753 338 1818 est?
396 1752 476 1820 Nos
511 1751 577 1839 ipsi
612 1752 649 1820 in
683 1749 869 1821 vernaculo
904 1777 1061 1822 sermone
1095 1753 1312 1841 interponere
1348 1751 1435 1822 soles

259 1881 354 1926 mus:
387 1895 419 1906 -
451 1881 514 1926 »so
544 1856 651 1927 lautet
682 1859 737 1927 ein
767 1856 851 1928 alter
883 1857 1037 1947 Spruch«
1066 1896 1098 1907 -
1127 1882 1189 1928 »so
1221 1857 1349 1929 erzihlt
1378 1857 1434 1928 die

258 1966 391 2035 Mire«.
438 1965 604 2053 Denique
629 1990 717 2053 quae
741 1963 833 2035 valet
862 1966 898 2035 in
923 1963 1062 2036 Pindari
1094 1976 1127 2035 et
1150 1965 1326 2054 Euripidis
1349 1964 1434 2036 locis

258 2071 371 2159 primo
394 2069 523 2151 allatis,
555 2069 675 2141 eadem
704 2070 761 2141 lex
792 2073 894 2142 etiam
924 2073 961 2142 in
990 2070 1133 2161 reliquis
1164 2072 1275 2145 valeat
1298 2099 1433 2144 necesse

258 2188 317 2248 est.
369 2179 543 2249 Accentus
582 2203 654 2248 non
692 2180 809 2268 magni
848 2190 963 2267 potest
1000 2205 1073 2249 esse
1112 2181 1297 2260 momenti,
1336 2181 1434 2250 cuius

258 2285 398 2375 scriptio
422 2287 504 2355 seris
528 2283 670 2356 demum
693 2284 911 2374 temporibus
935 2298 1050 2356 ortum
1066 2284 1181 2356 debet.
1218 2285 1285 2357 Sed
1303 2288 1434 2358 etiamsi

227 2461 230 2467 ,
257 2418 380 2481 negare
396 2417 534 2483 nequeo
553 2393 719 2482 paulatim
735 2391 920 2481 particulae
937 2391 980 2471 ὥς
1005 2395 1075 2464 vim
1098 2395 1257 2464 transisse
1281 2421 1324 2464 ex
1348 2419 1432 2464 »so«

256 2501 293 2568 in
316 2501 437 2580 »wie«,
467 2511 582 2570 tamen
614 2525 679 2589 ego
710 2498 799 2570 illud
826 2525 926 2581 »so«,
949 2503 971 2570 i.
997 2527 1025 2570 e.
1050 2500 1283 2572 conclusionis
1315 2527 1432 2590 parens

256 2605 384 2687 thesin,
414 2609 638 2677 vetustiorem
663 2619 696 2678 et
718 2609 905 2698 genuinam
928 2609 1096 2679 rationem
1119 2607 1226 2679 fuisse
1250 2606 1336 2679 mihi
1359 2634 1432 2697 pere

257 2712 399 2784 suadeo.
1528 2714 1529 2721 '

345 2823 386 2890 In
419 2821 665 2910 Aristophanis
700 2823 823 2893 comici
857 2820 1006 2902 fabulis,
1045 2821 1176 2911 quibus
1210 2823 1299 2894 vitae
1336 2823 1431 2893 cottis

255 2926 379 2999 dianae
402 2954 595 2998 sermonem
618 2931 861 3018 repraesentari
894 2955 998 3000 nemo
1022 2941 1073 3000 est
1096 2931 1159 3018 qui
1182 2941 1298 3020 neget,
1331 2955 1431 3018 saepe

255 3033 431 3116 haesitavi,
455 3047 571 3106 utrum
594 3035 761 3107 formulas
786 3035 972 3126 quasdam,
1003 3063 1093 3126 quae
1117 3035 1334 3108 orationibus
1358 3063 1430 3106 sucs

255 3141 393 3224 cedunt,
417 3145 454 3213 in
474 3142 738 3214 conclusionum
762 3170 806 3214 an
821 3142 1067 3215 inductionum
1089 3169 1235 3214 numero
1258 3143 1430 3215 haberem.

343 3251 395 3320 Ex
427 3275 500 3320 non
533 3252 661 3340 exiguo
697 3249 936 3340 exemplorum
971 3276 1116 3321 numero
1147 3249 1230 3322 haec
1262 3250 1429 3322 exhibeo:

193 3368 195 3371 ’
255 3356 354 3427 Nub.
392 3359 483 3428 1209
522 3358 625 3447 legis:
659 3360 856 3446 -φήσουσι
888 3361 929 3446 δή
961 3367 995 3444 μ’
1020 3365 1049 3424 οἱ
1081 3361 1187 3444 φίλοι,
1232 3385 1321 3448 quae
1357 3385 1430 3430 sens

253 3465 358 3535 tentia
382 3490 461 3534 cum
484 3490 607 3554 magna
630 3467 702 3536 veri
729 3468 842 3554 specie
874 3466 1051 3537 conclusio
1083 3467 1275 3556 nuncupari
1306 3477 1430 3554 potest,

254 3570 353 3661 quod
385 3599 440 3642 vv.
469 3571 597 3644 1204l5
634 3575 696 3662 qui
727 3571 816 3647 illud
849 3599 984 3645 carmen
1018 3572 1191 3645 ludicrum
1238 3574 1429 3659 (1206-8)

253 3677 474 3767 praecedunt,
511 3678 723 3750 inductionis
758 3679 974 3751 functionem
1008 3678 1147 3750 habent.
1195 3679 1293 3751 Idem
1328 3691 1430 3769 poeta

252 3789 361 3874 Vesp.
388 3786 457 3855 795
472 3855 474 3862 ,
489 3798 570 3874 post
600 3789 792 3858 orationem
821 3786 961 3858 brevem
984 3788 1119 3876 posuit:
1151 3779 1174 3875 ἤ
1197 3789 1227 3853 δ’
1253 3786 1289 3865 ὃς
1312 3789 1428 3870 λέγων,

252 3891 355 3962 simili
398 3891 507 3963 modo
543 3892 669 3965 EccleS.
704 3896 795 3965 407:
831 3933 864 3943 -
890 3893 984 3977 ἔγωγ’
1017 3892 1062 3962 ἄν
1097 3889 1214 3972 sinor,
1246 3900 1278 3960 εἰ
1310 3894 1429 3984 παρών

240 3999 435 4093 Ιἐτύγχανον
466 4011 499 4070 et
522 4002 611 4070 695:
636 4040 669 4051 -
694 4003 791 4088 φήσει
813 4028 862 4079 τις
891 3999 1004 4068 ἄνωθ’
1019 4002 1057 4076 ἐξ
1079 3999 1252 4091 ὕπερῴοω
1276 3999 1428 4090 denique

252 4109 341 4196 Equ.
375 4109 446 4176 669
482 4108 673 4178 orationem
708 4110 864 4199 sequitur
899 4109 1118 4199 participium
1152 4111 1267 4192 λέγων.
1326 4110 1428 4179 Certe

251 4211 305 4283 his
337 4215 373 4283 in
405 4214 570 4306 exemplis
603 4214 780 4289 conclusio
817 4228 974 4286 naturam
1008 4216 1280 4305 interpositionis
1315 4240 1428 4285 aemus

251 4321 349 4399 latur.
