3092 5134
552 665 793 778 Indem

142 896 180 934 c‘ll’
1218 896 1254 935 ΡΒ·

182 954 204 1008 I.
242 950 405 1021 Quomodo
430 950 620 1009 exhibeantur
647 951 684 1008 ab
704 954 835 1009 Homero
865 961 893 1009 et
917 949 1125 1009 recentioribus
1144 972 1185 1017 ea,

240 1060 313 1113 quae
332 1061 474 1098 unacum
493 1046 624 1099 oratione
643 1041 777 1099 accidunt
796 1049 824 1098 et
843 1061 887 1105 ea,
914 1060 988 1111 quae
1008 1045 1184 1112 intempore

239 1130 397 1187 succedunt
419 1174 1181 1189 ..................
1222 1133 1253 1187 12

169 1219 203 1274 II.
241 1220 286 1276 De
311 1224 518 1290 pronominum
545 1227 573 1277 et
598 1217 802 1277 adverbiorum
828 1239 898 1286 usu,
927 1224 978 1290 qui
1003 1228 1044 1276 est
1068 1224 1098 1275 in
1124 1239 1185 1275 orae

191 1297 194 1321 ¹
238 1313 352 1365 tionum
372 1308 590 1367 inductionibus
609 1318 637 1366 et
655 1308 892 1365 conclusionibus
910 1353 1183 1366 .......
1222 1312 1255 1366 23

154 1395 201 1454 111'.
240 1399 284 1455 De
304 1397 513 1469 complexionis
532 1396 669 1456 formula:

363 1487 398 1547 ὥς
417 1492 444 1539 οἳ
459 1490 512 1560 μὲν
529 1493 636 1540 τοιαῦτα
655 1486 719 1558 πρὸς
738 1486 866 1553 ἀλλήλους
886 1485 1050 1559 ἀγόρευον.
1089 1533 1094 1544 ,
1133 1533 1138 1544 ,
1177 1533 1183 1544 ,
1221 1491 1254 1545 27

154 1578 203 1632 IV.
241 1577 286 1634 De
305 1576 493 1634 conclusione
512 1577 704 1649 complurIum
723 1582 888 1633 orationum
911 1618 1183 1633 .......
1221 1580 1255 1633 28

166 1666 203 1722 V.
241 1666 286 1722 De
299 1664 430 1723 formulis
451 1666 486 1725 uls
505 1667 618 1736 ἔφασαν,
638 1666 673 1725 u‘ic
692 1664 791 1735 φάσαν,
811 1665 846 1724 ὥς
866 1665 931 1736 (alp)
950 1666 1028 1735 ἔφαν,
1049 1666 1083 1725 ὥς
1097 1666 1183 1735 φάν.
1222 1668 1253 1723 31

150 1756 201 1810 VI.
240 1756 285 1811 De
305 1759 459 1827 participiis
478 1754 515 1812 ad
535 1755 570 1814 ὥς
590 1757 666 1824 ἔφατ’
685 1763 712 1812 et
731 1754 766 1813 uic
786 1754 853 1824 φάτο
872 1753 987 1811 adiectis
1001 1800 1184 1813 .....
1222 1757 1256 1812 33

138 1845 203 1900 VII.
242 1844 286 1900 De
307 1842 431 1901 formula
449 1863 512 1899 non
532 1842 677 1901 decurtata
696 1844 731 1902 ὥς
749 1845 831 1913 ἔφατο
865 1886 1182 1901 ........
1221 1847 1255 1901 34

21 1981 22 1988 ,
122 1933 200 1989 V111.
238 1934 283 1990 De
302 1931 396 1990 verbis
414 1931 600 2004 descriptivis,
621 1952 694 2004 quae
714 1937 745 1988 in
764 1932 1001 1991 conclusionibus
1022 1935 1183 1991 Homericis

237 2020 412 2079 adhibentur
461 2067 466 2079 .
505 2066 511 2078 .
549 2067 555 2078 .
594 2056 614 2077 ,ι
639 2067 1180 2080 .............
1219 2026 1252 2080 35

143 2112 189 2167 IX.
228 2112 273 2167 De
293 2116 326 2168 iis
344 2110 487 2175 versibus,
514 2116 564 2181 qui
583 2110 800 2169 conclusionem
826 2119 855 2168 et
885 2110 1084 2168 inductionem
1104 2117 1182 2169 inse

238 2205 421 2271 coniungunt
462 2245 1182 2258 .................
1220 2203 1254 2257 39

164 2291 200 2346 X.
239 2291 283 2346 De
302 2287 426 2347 formula
445 2290 479 2349 ὣς
498 2290 542 2361 ἄρ’
560 2291 611 2359 ἔφη
638 2330 867 2347 ......
867 2352 871 2359 ,
906 2333 1181 2346 .......
1218 2294 1237 2347 4
1240 2293 1251 2346 1

37 2425 41 2432 ,
152 2380 201 2435 XI.
240 2379 285 2435 De
305 2376 394 2435 forma
415 2385 452 2448 φῆ
471 2384 502 2435 ln
521 2371 707 2436 conclusione
727 2382 821 2461 posita⁸
863 2424 1181 2435 ........
1219 2383 1254 2437 43

141 2469 204 2523 XII.
242 2468 287 2525 De
307 2487 361 2523 usu
381 2487 481 2524 eorum
505 2467 660 2525 verborum
686 2466 817 2532 dicendi,
844 2487 916 2538 quae
936 2486 951 2523 a
970 2472 1182 2539 praepositione

237 2556 303 2629 μετά
323 2556 466 2628 irlcipiunt
503 2601 1180 2614 ................
1217 2561 1253 2614 43

127 2647 204 2703 XIII.
242 2648 286 2704 De
306 2666 376 2704 voce
396 2646 564 2717 προσεφώνεε
582 2648 625 2715 (in
644 2645 718 2715 ind.)
729 2690 959 2703 ......
987 2692 989 2699 ,
998 2690 1180 2702 .....
1217 2650 1254 2703 46

22 2731 23 2814 l
124 2736 202 2791 XIV.
241 2736 285 2792 De
304 2740 384 2792 vocis
405 2739 507 2804 φωνεῖν
525 2739 556 2790 ln
575 2733 813 2792 conclusionibus
832 2754 914 2791 usu.
953 2779 958 2789 .
997 2779 1002 2790 .
1130 2779 1136 2791 .
1175 2780 1180 2791 .
1217 2739 1254 2792 46

22 2823 23 2832 ’
137 2826 201 2880 XV.
240 2826 285 2896 De
303 2822 394 2882 verbo
413 2827 497 2878 εἰπεῖν
508 2865 1180 2881 ................
1217 2827 1252 2881 47

123 2914 201 2969 XVI.
241 2915 285 2971 De
304 2911 395 2970 verbo
414 2913 528 2966 ἐνίπτειν
547 2913 686 2980 (irionem)
730 2909 735 2964 ζ
776 2956 1180 2969 ,,,,,,,,,,
1216 2916 1253 2970 49

110 3003 202 3058 XVII.
241 3003 286 3059 De
304 3000 395 3059 verbo
413 3002 538 3073 ἐρεείνειν
557 3003 680 3074 (Inopus)
730 3043 1179 3059 ...........
1218 3006 1253 3059 30

23 3115 24 3144 I
93 3091 200 3148 XVIII.
235 3092 283 3148 *De
302 3089 392 3147 verbo
411 3089 551 3162 ἀγορεύειν
591 3131 1176 3147 ..............
1215 3094 1249 3147 32

124 3181 200 3237 XIX.
238 3182 283 3237 De
301 3179 392 3238 verbo
410 3182 499 3251 λέγειν
548 3221 1177 3237 ...............
1217 3185 1252 3237 54

24 3309 25 3394 i
124 3269 497 3416 11441144
549 3310 1179 3326 ···············
1216 3273 1251 3415 {i

110 3449 200 3505 XXII.
239 3450 284 3505 De
303 3452 453 3521 partIprIo
473 3447 593 3520 φάμενος
639 3488 1179 3504 .............
1216 3450 1252 3504 60

97 3537 200 3594 XXIII.
238 3538 283 3594 De
302 3534 527 3608 pronominibus
545 3545 611 3609 post
630 3535 665 3596 uls
683 3534 765 3589 εἰπών
785 3545 812 3593 et
831 3531 846 3602 ἢ
866 3544 914 3589 καί
931 3540 1031 3607 positis
1083 3581 1089 3593 .
1128 3581 1134 3593 .
1172 3581 1178 3593 .
1215 3539 1248 3593 61

94 3626 199 3683 XXIV.
238 3627 283 3683 De
308 3629 342 3683 iis
364 3624 597 3691 inductionibus,
626 3629 657 3681 in
683 3622 790 3697 quibus
816 3632 902 3697 poeta
928 3623 1079 3682 nobiscum
1105 3644 1179 3683 coms

235 3718 370 3780 munitat,
390 3712 461 3786 quid
480 3717 627 3770 contineat
645 3732 686 3770 or.
705 3711 811 3769 directa
831 3731 904 3783 quae
924 3710 1133 3785 subsequitur.
1172 3758 1177 3770 .
1215 3717 1250 3771 62

108 3804 200 3861 XXV.
236 3804 282 3859 De
302 3805 561 3874 circumscriptione
580 3806 733 3858 nominum
753 3805 937 3873 propriorum
993 3845 1176 3858 .....
1214 3804 1250 3859 64

94 3892 199 3948 XXVI.
237 3892 283 3948 De
301 3889 439 3963 particula
458 3888 542 3962 αὐτάρ
591 3933 1177 3948 ..............
1215 3894 1249 3947 65

75 3981 195 4037 XXVII.
232 3981 278 4036 De
297 3982 432 4050 genetivo
450 3976 586 4036 absoluto
606 3983 636 4035 In
655 3977 857 4051 complexione
876 3975 1009 4035 adhibito
1038 4023 1043 4035 .
1082 4024 1088 4036 .
1127 4023 1133 4036 .
1172 4024 1177 4037 .
1215 3982 1250 4036 66

236 4067 301 4125 Ilias
325 4110 1177 4126 ....................
1215 4071 1250 4125 70

235 4155 366 4227 Odyssea
411 4198 953 4213 .............
987 4152 991 4163 ’
992 4200 1176 4213 .....
1198 4159 1246 4213 121

501 4298 820 4309 —u--—-—.-.-
