3092 5134
546 524 770 636 ..37-

70 727 106 784 N
131 719 197 789 125
223 720 359 805 (rece.):
388 716 432 797 c‘o'r
455 724 497 808 ῥα
522 719 785 786 κελευτιόων
809 709 913 808 ολρσεν
946 757 980 769 -

69 833 102 890 Β
125 826 196 896 206
221 837 255 896 et
276 834 307 891 A
329 827 400 896 256
426 828 498 912 (vv.
521 824 705 896 manifesto
728 826 892 912 novicii):

57 942 62 951 ‘
230 930 273 1009 dic
297 929 318 998 δ
340 958 377 1015 γε
399 944 581 1022 κοιρανέων
605 933 699 998 δίεπε
723 933 877 1021 στρατόν.

160 1041 212 1109 Ex
235 1037 350 1110 verbis
380 1038 543 1128 precandi
573 1038 709 1110 nullum
742 1051 874 1128 praeter
903 1041 1122 1129 participium
1153 1039 1246 1124 εύχό·

67 1171 166 1231 μενος
190 1144 234 1217 ab
259 1149 417 1216 Homero
441 1145 649 1226 admittitur;
680 1171 760 1216 narn
791 1144 880 1216 infra
911 1171 976 1216 suo
999 1145 1079 1236 loco
1102 1145 1246 1217 demone

70 1251 233 1325 strabitur
255 1278 393 1324 versum
416 1261 447 1319 Z
469 1254 557 1325 311:
725 1325 727 1334 ,

230 1358 273 1438 dic
297 1359 393 1446 ἔφατ’
415 1358 586 1448 εύχομένη,
613 1359 750 1428 άνένευε
775 1361 812 1426 δὲ
835 1359 977 1438 Παλλάς
1000 1358 1139 1449 Ἀθήνη,

69 1467 132 1556 qui
156 1468 291 1556 positus
315 1478 366 1537 est
388 1469 475 1538 inter
498 1469 664 1538 orationis
688 1467 794 1537 finem
817 1478 851 1537 et
874 1465 1059 1538 formulam

230 1572 273 1652 dic
297 1577 340 1640 αἳ
356 1585 420 1660 μέν
442 1579 472 1663 ῥ’
495 1571 630 1658 εύχοντο
653 1574 733 1652 Διός
756 1575 855 1671 κούρη
878 1575 1047 1659 μεγάλοιο,

67 1706 157 1751 non
180 1679 438 1751 excludendum
462 1707 544 1751 esse.

160 1789 325 1878 Denique
348 1789 385 1858 in
401 1786 563 1876 Odyssea
586 1788 767 1879 singularis
792 1799 842 1858 est
863 1788 921 1859 illa
937 1787 1086 1859 formula
1102 1787 1245 1860 fortasse

68 1921 112 1965 ex
135 1893 338 1965 inductione
361 1893 521 1966 translata
1056 1881 1058 1891 ¹

230 2006 290 2069 νῶι
313 2007 375 2088 μέν
399 1999 442 2080 ύς
464 2002 671 2069 ἐπέεσσιν
694 2001 1001 2089 άμειβόμεθα,

70 2134 160 2198 quae
183 2120 234 2179 ter
256 2109 293 2178 in
316 2110 462 2197 Necyid,
486 2111 507 2180 i.
525 2136 553 2180 e.
578 2111 614 2179 in
637 2109 785 2180 carmine
808 2110 1041 2182 recentissimo
1065 2108 1189 2199 legitur
1213 2119 1247 2179 et

69 2226 251 2305 propterea
281 2241 426 2304 quoque
457 2215 620 2287 notabilis
652 2227 719 2297 est,
754 2214 854 2304 quod
877 2240 1072 2304 pronomen
1095 2217 1245 2304 primum

68 2321 185 2393 locum
209 2321 344 2393 obtinet
368 2333 401 2393 et
424 2322 523 2412 quod
546 2322 652 2394 verba
675 2321 912 2411 respondendi
943 2322 1038 2412 apud
1069 2324 1245 2411 prosaicos

69 2428 212 2500 demum
235 2431 272 2499 in
295 2419 598 2518 complexionibus
622 2441 785 2519 usurpata
808 2442 899 2500 sunt.

159 2537 324 2626 Denique
340 2535 384 2606 de
400 2535 578 2608 nonnullis
595 2536 690 2618 locis,
710 2535 772 2607 ubi
788 2537 933 2607 omnino
946 2535 1043 2607 deest
1056 2535 1245 2617 conclusio,

68 2645 106 2713 in
130 2642 232 2714 altera
255 2642 360 2714 huius
384 2642 633 2716 dissertationis
656 2656 751 2734 parte
776 2641 1021 2733 disputabitur.
1069 2642 1136 2714 Sed
1160 2642 1243 2714 haec

68 2749 245 2822 hactenus
526 2833 530 2843 ἱ

160 2859 188 2927 li
211 2883 330 2928 versus
355 2859 552 2939 Homerici,
584 2883 674 2948 quos
706 2883 809 2948 supra
841 2859 961 2939 citavi,
993 2859 1060 2929 iam
1091 2867 1244 2928 accurate

69 2965 297 3036 recentiorum
313 2963 468 3036 indolem
485 2964 660 3054 praebent,
684 2965 780 3055 apud
797 2991 888 3055 quos
907 2967 944 3035 in
960 2962 1243 3036 conclusionibus

69 3069 256 3143 verborum
279 3070 566 3161 descriptivorum
590 3071 783 3162 frequentia
807 3073 1006 3161 aequiperat
1028 3097 1120 3142 mera
1139 3069 1245 3142 verba

69 3177 220 3250 dicendi.
268 3181 319 3249 Ex
343 3180 444 3268 copia
475 3179 713 3268 exemplorum
737 3205 846 3272 pauca
877 3177 1043 3260 desumo,
1075 3204 1164 3267 quae
1188 3204 1245 3248 exe

70 3297 161 3357 stant
183 3283 278 3374 apud
301 3286 372 3374 Ap.
397 3284 576 3357 Rhodium
607 3298 640 3357 et
662 3285 758 3376 apud
782 3288 963 3375 scriptores
987 3287 1151 3366 eroticos,
1183 3287 1246 3374 qui

70 3390 115 3462 ad
146 3417 316 3463 summam
344 3391 522 3464 audaciam
545 3404 795 3482 processerunt.
841 3391 899 3464 Cf.
923 3392 994 3482 Ap.
1019 3391 1134 3463 Rhod.
1158 3392 1243 3482 Arg.

72 3501 200 3570 1492:
231 3501 326 3583 κῶττ’
348 3499 551 3577 ἐνιπτάζων.

71 3610 103 3677 ll
129 3607 217 3677 813:
249 3604 293 3684 ύς
315 3608 391 3672 τότε
418 3613 480 3692 μὲν
505 3607 592 3674 δαῖτ’
617 3606 704 3693 άμηλ
728 3609 915 3697 πανήμεροι
938 3609 1142 3696 ἑψιόωντο·

70 3717 103 3784 ΙΙ
132 3714 241 3783 1229:
266 3711 309 3791 ύς
333 3717 366 3778 οἵ
385 3720 416 3795 γ’
441 3711 636 3800 α’λλήλοισιν
659 3713 855 3800 α’μοιβαδδν
878 3713 1076 3804 ήγορόωντο.

72 3823 122 3891 llI
147 3821 236 3890 47l:
260 3817 283 3908 ή
304 3826 367 3906 μὲν
389 3818 445 3909 ἄρ’
469 3818 512 3898 dic
534 3821 652 3909 ἐόλητο
675 3823 755 3889 νόον
778 3822 983 3909 μελεδήμασι
1007 3823 1116 3910 κούρη.

71 3930 125 3998 IV
153 3928 262 3998 1027:
285 3943 368 4003 τοῖα,
383 3927 562 4010 γουνάζετο
586 3929 692 4017 δάκρυ
715 3939 846 4012 χέουσα.

71 4037 125 4105 IV
152 4035 261 4106 1744:
284 4039 351 4102 τοῖν
373 4032 429 4124 ἄρ’
451 4035 509 4102 ἐπὶ
531 4040 672 4123 μνῆστιν
695 4037 813 4124 κραδίη
837 4036 953 4115 βάλεν.

160 4142 333 4213 Maiorem
356 4140 557 4223 libertatem,
586 4168 675 4232 quae
698 4143 757 4213 vix
781 4155 961 4232 superatur
984 4170 1003 4214 a
1022 4144 1244 4225 nostratibus,

71 4248 139 4320 sibi
173 4260 415 4320 concesserunt
453 4250 633 4339 scriptores
673 4250 808 4331 erotici,
852 4251 914 4340 qui
949 4262 1094 4322 utuntur
1129 4249 1244 4323 verbis

71 4358 261 4442 φιλοσοφεῖν
285 4355 428 4442 (Achill.
446 4358 521 4427 Tar.
538 4365 573 4422 A
588 4359 655 4427 Xll
677 4358 731 4442 l);
755 4358 897 4425 κωκύειν
920 4357 1023 4445 (ibid.
1045 4368 1080 4424 A
1091 4361 1159 4429 XII
1188 4360 1243 4444 l);
