3092 5134
745 510 990 579 -130-

286 703 388 775 valde
419 730 532 794 susp,
568 704 681 798 quod¹
699 704 740 775 al.
764 704 831 775 tale
864 702 950 793 quid
983 703 1027 775 ad
1059 702 1101 781 ιλς
1133 702 1266 790 ἐφάμην
1296 728 1369 773 non
1401 700 1459 772 ada

287 809 381 882 ditur
392 811 440 897 ²);
464 814 611 901 sumpsit
634 811 671 881 id
688 816 812 882 auctor
822 812 1050 882 recentiorum
1073 836 1168 880 more
1188 836 1229 879 ex
1246 808 1459 880 inductione.

376 917 453 989 Ind.
477 946 496 984 x
521 920 583 989 71:
613 918 725 1007 πατήρ
749 920 780 983 d’
803 916 957 1005 ἠμείβετο
979 918 1079 1007 μύθῳ
1104 943 1180 997 rec„
1205 916 1247 988 cf.
1272 915 1316 986 ad
1341 944 1353 981 ι
1379 917 1459 986 506.

375 1025 498 1096 Concl.
523 1053 542 1091 x
565 1026 654 1095 229:
679 1023 722 1103 dic
746 1022 801 1115 ἄρ’
826 1024 993 1112 ἐφώνησεν
1016 1050 1092 1105 rec„
1117 1023 1159 1095 cf.
1183 1049 1256 1113 cap.
1280 1026 1378 1093 XIV.

378 1131 454 1202 Ind.
479 1160 497 1198 κ
522 1134 610 1203 25οε

330 1249 387 1305 καὶ
410 1240 487 1305 τότε
509 1244 590 1306 τῶν
615 1237 947 1328 ἄλλωνρέτοὲρων
972 1241 1203 1314 κατέλεξεν
1228 1236 1413 1327 ὄλεθρον

286 1345 444 1435 interpol.
469 1358 610 1436 propter
633 1346 779 1417 verbum
803 1348 999 1429 καταλέγειν
1023 1347 1113 1434 (cap.
1130 1341 1243 1431 XIX).
1286 1348 1458 1415 Praeterea
1529 1410 1530 1413 ,

286 1454 513 1542 praemittitur
550 1453 605 1534 id,
645 1452 746 1543 quod·
785 1456 938 1525 continet
977 1454 1087 1523 oratio
1122 1451 1339 1541 subsequens
1378 1456 1458 1527 (τῶν

286 1558 398 1625 ἄλλων
420 1562 550 1649 ἑτάρων
575 1558 733 1650 ὄλεθρον)
741 1592 752 1643 ,·
776 1587 848 1660 cap,
872 1564 1004 1631 XXIV,

375 1684 451 1755 Ind.
465 1713 483 1751 κ
496 1688 566 1756 265
577 1716 584 1756 :
602 1699 663 1752 καί
674 1696 709 1773 μ’
724 1686 964 1776 ὀλοφυρόμενος
980 1686 1064 1754 ἔπεα
1083 1687 1266 1774 πτερόεντα
1285 1686 1456 1773 προσηύδα
1529 1748 1530 1753 ,

285 1803 318 1861 et
341 1792 413 1862 ind.
431 1794 554 1864 x430:
579 1808 640 1859 καί
660 1816 762 1880 σφεας
786 1796 942 1881 φωνήσας
967 1792 1051 1861 ἔπεα
1077 1795 1260 1883 πτερόεντα
1286 1793 1457 1879 προσηύδα
1516 1834 1519 1843 ·

287 1924 306 1969 a
330 1898 550 1970 Kirchhoffio
574 1912 607 1970 et
630 1900 704 1971 aliis
729 1899 946 1982 damnantur,
979 1899 1078 1991 quod
1103 1902 1139 1970 in
1162 1898 1340 1970 nonnullis
1364 1897 1458 1969 codi2

288 2004 385 2075 cibus
408 2031 482 2075 non
502 2006 674 2096 leguntur.
709 2009 830 2097 Atque
854 2007 1010 2097 profecto
1027 2010 1100 2078 sine
1116 2006 1323 2077 detrimento
1340 2003 1458 2075 deesse

286 2124 451 2200 possunt;
490 2125 524 2184 at
557 2125 671 2184 tamen
711 2113 884 2185 eiusmodi
923 2113 1106 2204 plenitudo
1145 2114 1331 2183 sententiae
1369 2110 1459 2181 bene

289 2217 436 2307 quadrat
459 2219 504 2290 ad
527 2223 635 2291 totius
659 2221 786 2293 scilicet
809 2223 937 2293 novicii
965 2222 1122 2293 carminis
1146 2220 1308 2292 colorem.

375 2344 498 2416 Concl.
525 2351 564 2424 λ-
589 2346 661 2417 ind.
686 2374 705 2412 ιι
727 2347 818 2421 422:

391 2443 554 2538 (dodoau,
578 2452 688 2543 αὐτοὶρ
711 2454 774 2536 ἐμοὶ
800 2466 967 2544 προσέφην
990 2456 1153 2540 μαλακοῖς
1177 2454 1329 2519 ἐπέεσσιν

259 2558 385 2629 Ισελάε
417 2586 529 2650 susp,
565 2559 664 2650 quod
696 2560 739 2640 dc
763 2560 850 2647 ἔφαν
882 2562 923 2632 al.
948 2587 1121 2651 nusquam
1153 2586 1231 2632 cum
1262 2561 1459 2648 insequenti

284 2663 486 2737 inductione
510 2668 546 2737 in
570 2694 680 2738 unum
702 2695 840 2739 versum
864 2670 1102 2759 comprimitur
1125 2669 1215 2757 (cap.
1241 2668 1318 2753 IX).

373 2774 495 2852 Concl.
521 2802 539 2840 κ
562 2778 652 2846 446:
677 2775 720 2855 ὡς
744 2780 886 2862 φάμενοι
910 2803 974 2847 rec.
1000 2778 1090 2866 (cap.
1114 2776 1245 2861 XXII).

373 2880 449 2951 Ind.
463 2910 481 2947 κ
493 2883 583 2952 471:
605 2893 661 2949 καὶ
677 2886 754 2949 τότε
769 2890 802 2969 μ’
816 2884 1053 2963 ἐκκαλέσαντες
1070 2882 1090 2949 ἔ
1095 2912 1116 2968 φ
1127 2908 1177 2948 αν
1193 2882 1315 2971 ἐρίηρες
1332 2884 1458 2969 ἐταῐροι

284 2988 385 3059 valde
409 3014 514 3078 susp„
539 2989 638 3079 quod
662 2989 773 3061 forma
798 2990 884 3076 ἔφαν
908 2991 949 3061 al.
972 3016 1107 3080 semper
1129 2988 1173 3061 ad
1198 2988 1458 3060 conclusionem
1529 2998 1530 3001 ’

283 3097 432 3166 restricta
456 3108 516 3167 est.

372 3203 495 3274 Concl.
520 3231 539 3269 x
562 3205 634 3274 475
646 3234 653 3274 ε
818 3268 824 3279 .

390 3308 433 3388 dic
457 3308 553 3395 ἔφαν,
578 3308 689 3400 αὕτοῖρ
712 3312 788 3397 ἐμοί
807 3318 838 3393 γ’
861 3311 1063 3378 ἐπεπείθετο
1086 3312 1197 3397 θομὸς
1222 3310 1355 3400 α’γήνωρ

284 3442 353 3487 una
389 3442 467 3488 cum
502 3417 728 3507 sequentibus
763 3417 921 3489 versibus
956 3446 975 3484 x
1002 3420 1182 3489 476-479
1217 3420 1385 3489 omittitur
1421 3421 1459 3489 in

283 3522 387 3594 codd.
420 3525 457 3593 H
489 3535 522 3594 et
551 3526 606 3594 W
638 3524 807 3614 probante
846 3528 959 3606 Eust,
1003 3528 1058 3596 cui
1101 3527 1333 3596 assentiuntur
1365 3525 1458 3596 Lud·
1529 3520 1530 3523 ¹

282 3629 445 3710 wichim,
482 3628 710 3711 Dindorfius,
746 3630 788 3701 al.
813 3632 950 3702 Eiciunt
981 3633 1086 3723 igitur
1109 3632 1368 3703 conclusionem
1398 3634 1458 3714 ita,

283 3746 322 3805 ut
352 3736 465 3806 statim
495 3747 576 3825 post
611 3762 660 3807 or.
685 3736 748 3807 dir.
772 3736 905 3827 legatur
935 3736 1023 3808 illud
1048 3736 1158 3827 αι’τιλρ
1181 3739 1255 3820 ἐγώ,
1286 3737 1324 3809 id
1356 3737 1457 3827 quod

284 3842 379 3910 omni
402 3841 471 3931 legi
494 3840 656 3913 dictionis
681 3845 888 3914 Homericae
912 3856 1091 3934 repugnat.
1137 3846 1213 3915 Aut
1236 3871 1255 3909 x
1274 3846 1459 3915 471—474

282 3948 349 4036 ipsi
373 3973 517 4037 quoque
540 3947 730 4020 damnandi
753 3962 844 4030 sunt,
869 3962 928 4021 aut
951 3950 1117 4023 servanda
1142 3962 1193 4022 est
1216 3950 1322 4022 concl.
1348 3978 1367 4017 ιι
1383 3953 1457 4023 475

283 4064 315 4122 et
338 4080 394 4123 vv.
418 4080 515 4144 seqq.
540 4056 604 4141 (sic
629 4054 686 4126 Kf.
711 4081 768 4146 pg.
793 4057 893 4143 221).

373 4267 400 4335 1)
418 4270 479 4324 slm.
499 4268 556 4337 Ap.
576 4266 671 4325 Rhod.
692 4270 731 4325 lll
753 4271 819 4326 1101
840 4270 881 4340 (et
899 4269 961 4339 al.):

548 4355 583 4415 dic
602 4354 670 4425 φάτο
688 4359 845 4431 μειλιχίοισι
864 4357 1028 4432 καταψήχων
1046 4356 1173 4430 ὀάροισιν.
1204 4440 1209 4459 ι
