3092 5134
748 488 973 557 ..64-

364 681 590 767 Quantopere
625 690 739 750 totum
773 678 841 749 hoc
875 704 985 768 genus
1024 677 1164 749 dicendi
1201 706 1339 770 prosam
1374 707 1452 752 oras

271 787 403 856 tionem
438 784 546 866 oleat,
582 810 685 855 nemo
718 787 780 856 erit
811 787 874 875 qui
904 811 976 856 non
1008 788 1147 868 sentiat,
1183 800 1216 858 et
1246 787 1379 877 lignum
1411 790 1452 858 in

272 891 393 962 silvam
418 891 551 973 ferrem,
575 894 604 962 si
628 892 745 963 multis
770 917 943 981 exponere
967 918 1117 974 conarer,
1145 920 1251 984 quam
1275 920 1392 966 recens
1416 907 1452 964 et

272 997 461 1070 hodiernae
485 998 606 1070 similis
630 1001 673 1070 sit
696 998 780 1074 haec
804 997 955 1086 dictio.¹)
1400 1078 1412 1111 ,

693 1342 819 1463 Cap.
854 1345 1025 1442 XXV.

316 1520 380 1586 De
405 1517 828 1605 circumscriptione
852 1518 1080 1587 nominum
1103 1519 1403 1606 propriorum.

362 1681 403 1747 ln
426 1675 532 1746 alium
556 1701 658 1746 usum
683 1678 911 1746 Homericum
936 1677 1090 1746 animum
1113 1677 1283 1749 intendas.
1323 1682 1451 1750 Poetae
1542 1666 1543 1745 ἶ

272 1785 475 1854 recentiores
486 1781 515 1868 2)
541 1808 692 1871 quorum
716 1781 873 1853 studium
896 1781 1052 1854 variandi
1079 1795 1112 1854 et
1145 1783 1337 1856 exornandi
1367 1788 1450 1857 satis

273 1893 512 1980 cognovimus,
536 1915 637 1979 saepe
661 1891 697 1959 in
720 1891 762 1960 iis
786 1915 873 1979 quas
896 1901 1078 1960 tractamus
1111 1890 1270 1962 formulis
1302 1891 1451 1981 simplici

272 2000 406 2068 nomini
429 1999 573 2087 proprio
597 1996 735 2067 doctam
760 2008 793 2067 et
817 2008 972 2068 ornatam
989 1999 1337 2087 circumscriptionem
1354 2025 1451 2088 praes

250 2103 398 2185 ¹ferunt,
423 2130 496 2193 quo
520 2102 638 2175 studio
662 2103 837 2174 interdum
861 2101 905 2173 ad
929 2101 966 2173 id
990 2102 1222 2185 deducuntur,
1254 2117 1293 2175 ut
1324 2104 1451 2176 obscue

272 2223 364 2282 retur
388 2237 518 2281 sensus.

362 2339 413 2406 Ex
426 2362 553 2425 magno
567 2335 807 2425 exemplorum
819 2361 975 2416 numero,
989 2361 1094 2425 quem
1107 2335 1285 2407 exhaurire
1302 2337 1452 2427 longum

273 2455 333 2525 est,
357 2443 526 2538 nonnulla
550 2443 647 2532 elegi,
672 2468 761 2533 quae
786 2441 870 2512 mihi
895 2468 975 2512 casu
999 2441 1044 2513 ad
1068 2468 1210 2514 manum
1234 2456 1342 2516 erant:

272 2578 301 2635 Γ
323 2553 410 2642 310:
445 2562 468 2657 ἤ
497 2575 551 2659 ῥα,
583 2580 640 2635 καὶ
673 2569 705 2648 ἐς
738 2569 854 2656 δίφρον
886 2566 992 2656 ἄρνας
1026 2576 1111 2635 θέτο
1146 2573 1326 2648 ἰσόθεος
1362 2572 1450 2654 φώς

435 2678 636 2763 (Priamus).
996 2707 999 2717 ·

272 2793 302 2849 Δ
323 2785 414 2857 403:
443 2785 504 2850 τόν
532 2785 562 2849 δ’
585 2783 680 2861 vide
712 2771 952 2871 Καπανῆος
984 2782 1159 2872 ἀμείψατο
1188 2786 1454 2868 κυδαλίμοιο

434 2888 662 2976 (Sthenelus).
1106 2931 1111 2934 ·

272 3007 302 3064 Δ
325 2999 413 3071 514;
438 2996 481 3076 dic
505 2971 688 3170 φάτΰζοῖπό
715 2998 852 3076 πτόλιος
876 2998 1024 3076 δεινος
1047 3000 1130 3063 θεά
1140 3025 1154 3076 ς
1179 2997 1361 3087 (Apollo).

273 3114 293 3171 I
315 3104 468 3194 622s23:
591 3122 652 3170 οῖσι
677 3105 706 3194 d’
732 3102 786 3192 ἄρ’
810 3109 900 3183 Αἴας

495 3211 704 3289 dertosae
723 3213 1066 3298 Τελαμωνιάδης
1089 3212 1173 3295 μετα
1190 3217 1305 3296 recidor
1322 3210 1453 3288 ἔειπεν,

273 3318 335 3390 ubi
388 3320 608 3407 appositione
667 3317 880 3409 derideor
935 3320 1270 3405 Τελεμωνιοὶὅης
1321 3318 1453 3389 factum

274 3438 334 3507 est,
358 3438 397 3496 ut
419 3424 477 3496 illa
501 3424 650 3495 formula
674 3424 762 3494 ultra
786 3426 890 3495 unius
914 3450 1033 3522 uersus
1057 3427 1237 3496 circuitum
1258 3425 1450 3506 excederet,

364 3640 391 3709 l)
410 3637 564 3696 Nonnulla
596 3636 631 3695 de
662 3636 718 3695 hoc
738 3643 877 3695 orationis
896 3637 1033 3710 obliquae
1069 3643 1100 3694 in
1136 3637 1269 3696 directam
1287 3642 1450 3696 orationem

272 3733 392 3786 transitu
423 3727 518 3785 attulit
554 3729 581 3784 P.
609 3729 710 3793 Cauer,
737 3725 876 3784 Grundfr.
903 3746 948 3798 pg.
978 3729 1029 3783 243
1067 3734 1094 3785 et
1124 3746 1169 3798 pg.
1203 3730 1254 3784 258
1279 3747 1338 3800 seq.
1375 3726 1450 3784 Subs

273 3817 350 3874 tilius
375 3815 411 3876 de
437 3837 492 3874 usu
512 3819 668 3874 Homerico
693 3821 832 3873 orationis
857 3814 993 3888 obliquae
1019 3814 1176 3887 disputavit
1195 3814 1269 3872 Rud.
1282 3814 1397 3874 ‹Rehme
1415 3820 1450 3872 in

273 3926 321 3978 op.
341 3911 385 3963 cit.
405 3925 450 3978 pg.
472 3898 557 3971 1-24,
579 3904 630 3963 sed
648 3910 743 3971 miror,
769 3903 851 3976 quod
870 3903 918 3961 ille
936 3909 980 3961 vir
999 3902 1101 3961 doctus
1128 3924 1191 3961 non
1215 3909 1303 3976 magis
1328 3913 1449 3961 aetatem

273 3994 403 4052 locorum
429 3999 480 4065 qui
505 3999 535 4052 in
562 3992 649 4051 lliade
669 4001 780 4052 exstant
797 4001 919 4050 statuere
938 4002 965 4051 et
990 3991 1129 4052 illustrare
1155 4001 1275 4050 conatus
1300 4002 1354 4059 est:
1380 4013 1448 4050 nam

273 4082 321 4141 illa
349 4087 554 4155 perquisitione
583 4080 653 4140 facta
681 4080 792 4154 aliquid
820 4079 943 4139 conferri
970 4101 1053 4153 posse
1081 4080 1118 4138 ad
1145 4081 1323 4155 singularum
1351 4080 1450 4139 Iliadis

273 4176 395 4244 partium
414 4180 533 4229 aetatem
552 4163 767 4229 discernendam
787 4188 952 4242 persuasum
972 4168 1076 4228 habeo.
1108 4172 1234 4228 Fortasse
1253 4169 1311 4228 alio
1330 4170 1397 4227 loco
1416 4169 1450 4227 id

273 4265 405 4333 persequi
422 4259 526 4318 licebit.
749 4289 752 4302 ·

362 4348 391 4420 2)
410 4347 506 4406 Multo
526 4351 614 4420 magis
633 4346 729 4405 Iliadis
748 4365 835 4419 quam
855 4345 1011 4419 Odysseae.
