3092 5134
539 507 785 575 —119-

60 701 308 791 distinguunt.
341 700 382 772 Id
405 701 472 773 hoc
495 702 574 773 loco
598 700 858 773 adumbravisse
884 704 964 773 satis
985 701 1111 784 habeo,
1136 702 1255 793 quam*
1320 714 1325 722 '

61 835 182 898 quam
208 808 307 897 plura
330 806 375 880 de
398 809 460 880 hac
484 836 519 881 re
544 808 612 881 dici
637 821 795 899 possunt.
941 811 1107 899 Denique
1131 812 1255 881 iterum

60 915 301 987 statuendum
325 928 375 987 est
397 914 446 997 id,
471 915 571 1007 quod
592 944 634 987 ex
651 928 767 987 nostra
785 918 988 1005 quaestione
1005 910 1085 987 satis
1101 915 1254 988 dilucide

61 1024 247 1112 apparuit,
278 1022 357 1094 libri
382 1030 411 1088 Ω
444 1035 618 1094 auctorem
642 1050 715 1094 non
738 1050 848 1112 pauca
873 1050 914 1093 ex
940 1021 1101 1112 Odyssea
1132 1035 1255 1094 mutuo

9 1215 10 1218 Ἴ
61 1156 275 1220 sumpsrsse.

558 1261 771 1268 —.-—.-

165 1397 227 1470 Ad
251 1398 355 1469 finem
380 1396 602 1478 deduximus,
630 1397 736 1468 lector
760 1397 921 1488 benigne,
945 1400 1094 1487 priorem
1118 1398 1256 1470 alterius

61 1510 197 1597 capitis
214 1518 354 1596 partem,
379 1532 458 1596 qua,
477 1531 690 1594 quamquam
706 1504 882 1576 interdurn
899 1506 940 1586 ei,
965 1505 1064 1594 quod
1082 1504 1256 1588 contendi,

62 1643 145 1687 non
174 1612 329 1705 plaudas
361 1625 448 1684 certe
472 1612 611 1684 refutari
636 1613 782 1684 arbitror
806 1639 926 1683 eorum
950 1616 1162 1695 sententiam,
1193 1617 1255 1703 qui

63 1722 221 1796 Iliadem
245 1721 289 1792 ab
313 1747 385 1791 uno
411 1732 512 1809 poeta
537 1720 728 1791 confectam
751 1746 824 1790 esse
841 1721 1056 1809 pertinaciter
1071 1719 1256 1792 affirmant.

9 1821 10 1824 Ἴ
64 1832 246 1904 Etiamsi
278 1854 338 1899 me
368 1853 451 1898 non
483 1825 592 1916 fugit
615 1853 720 1897 meas
745 1829 1002 1898 coniecturas
1027 1848 1110 1899 non
1134 1811 1257 1899 semel

64 1939 253 2011 infirmis
277 1933 453 2025 pedibus
478 1946 679 2014 constare,
712 1960 844 2023 neque
875 1936 963 2022 ipse
991 1960 1095 2023 nego
1128 1962 1171 2005 ea
1199 1959 1256 2005 ar*

64 2056 280 2138 gumenta,
314 2041 465 2132 quibus
489 2043 611 2122 nitor,
643 2042 825 2130 magis-
850 2052 893 2111 ut
916 2068 1003 2112 cum
1026 2042 1256 2115 Aristotele

65 2156 206 2225 dicam
240 2190 273 2199 -
308 2167 447 2237 σημεῖα
485 2174 604 2237 quam
641 2150 831 2234 τεκμήρια
867 2147 1116 2237 appellanda
1152 2177 1255 2232 esse,

64 2275 208 2334 tamen
242 2286 289 2329 ex
324 2257 630 2346 perquisitione
666 2281 751 2326 mea
782 2253 1096 2326 distinctionem
1128 2283 1255 2346 quan,

66 2370 166 2439 dam
189 2366 391 2437 variarum
427 2360 571 2433 Iliadis
606 2364 782 2451 partium
810 2364 1008 2451 consequi
1039 2363 1137 2433 mihi
1173 2391 1256 2436 non

66 2473 258 2565 negabis.
398 2465 402 2476 ¹

168 2580 402 2668 Exposuimus
434 2575 559 2657 adhuc,
593 2603 682 2665 quae
713 2576 883 2647 formulae
915 2602 933 2646 a
964 2579 1114 2665 genuina
1146 2577 1254 2649 Iliade

68 2689 182 2759 nobis
212 2682 442 2757 removendae
474 2710 546 2754 esse
577 2682 769 2755 videantur.
817 2684 1081 2754 Consectarium
1112 2697 1163 2755 est
1194 2712 1253 2756 eos

70 2798 138 2888 qui
173 2806 300 2865 restant
329 2818 447 2864 versus
477 2803 631 2863 vetustae
663 2788 763 2862 Iliadi
795 2789 1034 2862 attribuendos
1067 2819 1156 2872 esse;
1193 2795 1254 2883 qui

70 2903 245 2994 quoniam
275 2902 311 2970 in
328 2901 526 2970 universum
552 2923 630 2969 cum
646 2899 687 2968 iis
705 2910 911 2987 congruunt,
935 2924 1026 2987 quos
1044 2898 1174 2970 Robert
1197 2926 1253 2971 ves

69 3010 284 3082 tustissimae
294 3004 395 3076 Iliadi
412 3003 634 3085 adiudicavit,
651 3030 722 3074 rem
738 3006 785 3074 ita
801 3006 956 3085 instituo,
973 3016 1012 3075 ut
1024 3003 1216 3076 adscribam
1225 3006 1252 3093 ¹)

72 3116 222 3188 Roberti
246 3139 381 3185 carmen
405 3110 503 3202 quod
528 3123 707 3201 nuncupat
722 3109 802 3181 »die
819 3114 1052 3201 prasumptive
1071 3112 1252 3195 Urslbas«,

71 3238 107 3295 et
138 3223 314 3311 adponam
345 3247 404 3290 eos
435 3245 565 3299 versus,
597 3244 688 3307 quos
719 3244 798 3289 meo
830 3218 971 3289 arbitrio
1002 3222 1252 3291 vetustissimae

72 3329 178 3402 Iliadi
202 3327 426 3423 adnumerare
450 3352 523 3396 non
546 3324 680 3397 licebat.

736 3507 740 3611 1
967 3544 1165 3600 Recentiorem

193 3634 311 3690 Roberti
331 3633 395 3690 Ilias
413 3636 602 3689 vetustissima
756 3631 839 3688 Liber
878 3629 1003 3688 colorem
1025 3629 1096 3687 mihi
1115 3633 1250 3704 praebere

1000 3718 1141 3778 videntur-

73 3905 173 3969 7-62,
209 3904 341 3966 64—138,
382 3902 527 3966 140-177,
568 3901 714 3964 180-202,
780 3905 811 3951 A.
880 3901 982 3964 15-16,
1012 3900 1053 3964 22,
1086 3901 1128 3964 25,
1161 3899 1250 3970 55156,

110 3994 252 4057 206-211,
267 3993 407 4055 215-259,
422 3991 562 4054 285-295,
574 3990 714 4054 297-565,
913 3989 1004 4053 5892,
1012 3989 1071 4053 292,
1084 3987 1173 4059 50415,
1190 3989 1249 4054 526,

111 4084 253 4146 595-595,
266 4082 407 4143 407-422,
421 4081 561 4144 428-429,
573 4080 714 4144 497-517‚
914 4079 973 4142 551,
995 4079 1053 4142 557,
1074 4079 1133 4142 415,
1154 4079 1213 4135 515.

111 4172 253 4235 §rs—532,
271 4171 413 4226 609-610.

75 4300 289 4309 ——·-—.-—--·

168 4367 194 4435 1)
214 4367 334 4423 Omissis
353 4370 386 4422 iis
405 4364 492 4430 libris,
512 4369 542 4420 in
562 4364 668 4434 quibus
687 4361 761 4420 nihil
781 4361 951 4420 mutandum
971 4383 1029 4419 esse
1048 4382 1159 4420 censeo.
