3092 5134
766 514 968 582 ..2-

282 707 407 778 eodem
445 707 554 778 modo
594 721 697 798 atque
736 720 839 798 poeta
878 710 952 798 ipse
991 707 1266 779 manifestissime
1301 732 1455 797 separare

282 814 428 885 aliorum
451 813 556 885 verba
579 842 598 885 a
623 817 704 896 suis,
730 841 803 905 quo
827 813 946 885 studio
962 826 1065 904 poeta
1081 813 1276 895 adducitur,
1297 825 1335 884 ut
1354 816 1455 884 intere

282 920 368 992 dum
392 924 494 992 etiam
517 921 605 992 duas
629 922 869 993 conclusiones
893 921 1057 1011 deinceps
1082 933 1264 1011 sequentes
1292 934 1410 1010 ponat.

372 1027 484 1117 Quod
508 1027 622 1109 nobis,
648 1054 799 1119 quorum
823 1031 934 1099 oratio
962 1028 1069 1099 fertur
1100 1030 1200 1117 quasi
1230 1041 1373 1109 torrens,
1405 1031 1455 1099 ins

282 1134 396 1205 habile
422 1134 509 1224 quid
526 1147 559 1204 et
573 1134 726 1224 rigidum
742 1133 867 1206 habere
884 1134 994 1206 videri
1010 1146 1135 1225 potest,
1159 1137 1356 1224 praesertim
1377 1160 1455 1206 cum

282 1240 327 1312 ad
350 1241 444 1311 illam
476 1244 653 1330 copiosam
685 1253 718 1312 et
749 1240 891 1312 uberam
922 1241 1110 1313 dictionem
1143 1244 1290 1312 Homeri
1318 1241 1456 1312 accedat

282 1347 392 1418 aliud:
430 1350 543 1418 omnis
567 1347 636 1418 fere
660 1351 858 1420 variationis
882 1347 1038 1421 defectus
1061 1348 1127 1430 vel,
1152 1361 1190 1419 ut
1213 1350 1309 1419 aliter
1332 1347 1455 1428 dicam,

282 1456 407 1525 eximia
442 1457 574 1525 iteratio
607 1454 826 1545 quarundam
861 1455 1098 1526 formularum.
1144 1454 1255 1545 Apud
1288 1466 1455 1525 nostrates

283 1559 509 1650 aequabilitas
533 1572 566 1631 et
589 1563 839 1632 immutationis
863 1560 1018 1636 defectus
1040 1564 1272 1633 taeterrimum
1299 1560 1455 1641 habetur,

283 1666 344 1739 sed
375 1667 477 1757 plane
510 1670 718 1739 contrarium
752 1694 855 1740 usum
890 1668 985 1758 apud
1022 1672 1218 1739 Homerum
1249 1669 1360 1740 valere
1391 1666 1455 1738 tibi

283 1777 362 1846 satis
397 1787 521 1844 notum
556 1776 627 1845 erit.
684 1777 822 1865 Nempe
858 1774 913 1846 hic
949 1788 987 1846 ut
1022 1801 1085 1864 pro
1117 1776 1192 1846 aliis
1222 1774 1337 1856 rebus,
1369 1801 1455 1864 quas

282 1883 418 1970 saepius
435 1884 637 1952 narrationis
662 1909 781 1953 cursus
800 1882 1009 1971 postulabat,
1033 1885 1084 1954 uti
1101 1883 1189 1953 solet
1204 1882 1282 1952 fixis
1299 1894 1332 1952 et
1353 1880 1455 1952 stabis

281 1986 374 2059 libus
406 1991 599 2069 sententiis;
633 1991 680 2060 sic
704 1992 887 2078 praecipue
918 1989 963 2060 ad
987 1992 1185 2061 orationum
1209 1987 1392 2060 exordium
1423 1998 1456 2057 et
1504 2017 1506 2020 ’

281 2093 390 2165 finem
412 2094 607 2166 notandum
631 2094 775 2166 adhibet
798 2096 963 2167 formulas
988 2096 1167 2186 quasdam,
1200 2123 1289 2186 quae
1314 2122 1393 2166 sane
1418 2107 1456 2165 ut

282 2204 448 2292 imagines
472 2229 514 2273 ex
538 2229 612 2273 aere
637 2202 759 2273 ductae
785 2201 851 2273 sibi
876 2203 1088 2274 constabant.
1418 2223 1421 2228 “

373 2309 472 2379 Nolo
489 2312 525 2378 in
541 2311 740 2380 universum
753 2308 929 2398 disputare
943 2309 987 2380 de
1000 2311 1126 2381 iteratis
1139 2309 1235 2398 apud
1249 2313 1455 2389 Homerum,

283 2414 326 2486 de
341 2414 471 2506 quibus
484 2418 552 2486 iam
568 2415 625 2486 alii
642 2428 719 2486 ante
735 2442 791 2486 me
807 2429 950 2505 egerunt
966 2455 999 2466 -
1017 2416 1171 2488 conferas
1188 2428 1320 2506 praeter
1335 2441 1456 2487 omnes

283 2521 485 2594 Godofredi
502 2525 695 2593 Hermanni
711 2523 931 2611 opusculum,
954 2522 1053 2613 quod
1071 2522 1218 2594 confecit
1234 2525 1313 2593 »De
1329 2525 1456 2593 iteratis

282 2629 377 2719 apud
411 2633 639 2711 Homerum«,
676 2632 810 2718 Lipsiae
846 2632 953 2710 1840;
990 2629 1102 2700 addo:
1136 2629 1259 2710 Rothe,
1292 2631 1361 2699 Die
1394 2633 1455 2698 Bes
1527 2622 1528 2705 f

282 2735 441 2826 deutung
472 2735 533 2806 der
555 2735 885 2826 Wiederholungen
916 2736 972 2808 fiir
1003 2736 1060 2807 die
1090 2736 1185 2807 hom.
1211 2740 1333 2826 Frage,
1366 2739 1455 2807 Festa

283 2842 401 2914 schrift
439 2842 500 2915 des
551 2842 655 2913 franz.
696 2845 961 2931 Gymnasiums,
1009 2844 1124 2913 Berlin
1174 2845 1283 2923 1890;
1326 2842 1455 2922 Christ,

284 2949 577 3040 Sitzungsbericht
600 2949 661 3020 der
684 2950 718 3020 k.
742 2948 838 3038 bayr.
863 2949 963 3022 akad.
988 2950 1066 3020 hist.
1090 2949 1175 3039 phil.
1201 2950 1320 3020 Klasse
1353 2950 1455 3029 1880,

283 3082 360 3146 pag.
378 3058 573 3137 221-272;
599 3057 685 3138 Sittl,
710 3059 780 3127 Die
796 3056 1125 3146 Wiederholungen
1149 3059 1185 3127 in
1206 3055 1268 3126 der
1284 3055 1455 3144 Odyssee,

282 3162 464 3235 Miinchen
499 3165 601 3234 1882.
657 3162 724 3234 Sed
754 3176 792 3234 ut
828 3166 925 3235 certis
955 3166 1106 3234 numeris
1148 3162 1213 3234 tibi
1250 3162 1455 3252 persuadere

283 3273 406 3359 possis,
446 3269 606 3341 adscribo
640 3269 688 3351 id,
725 3269 825 3360 quod
861 3269 1045 3341 Eduardus
1082 3269 1238 3341 Schmidt
1271 3273 1308 3356 in
1342 3269 1455 3340 indice
1527 3306 1528 3343 .

283 3379 440 3447 omnium
461 3379 660 3447 iteratorum
677 3379 956 3458 Homericorum,
981 3379 1215 3466 Goettingiae,
1239 3404 1331 3447 anno
1353 3379 1455 3457 1885,

282 3509 359 3573 pag.
375 3486 465 3554 Vlll
490 3482 711 3572 praefationis
736 3483 888 3572 collegit:

372 3593 480 3660 »Wie
496 3589 685 3661 unendlich
701 3590 754 3661 oft
776 3593 911 3660 Homer
927 3589 999 3660 sich
1015 3589 1230 3670 wiederholt,
1254 3590 1346 3660 weiss
1358 3589 1457 3679 jeder

284 3697 503 3778 Homeriker,
526 3697 680 3769 welchen
705 3696 862 3786 Umfang
885 3696 942 3767 die
958 3695 1287 3786 Wiederholungen
1310 3695 1392 3766 aber
1408 3722 1456 3766 ers

282 3804 429 3886 reichen,
454 3803 513 3874 hat
536 3807 664 3874 meines
681 3807 845 3875 Wissens
868 3802 960 3874 noch
983 3802 1146 3874 niemand
1163 3801 1356 3874 berechnet.
1397 3802 1456 3873 Ich

282 3910 371 3982 habe
420 3912 512 3981 1804
556 3910 628 3981 sich
666 3909 947 3982 wiederholende
985 3913 1095 3980 Verse
1138 3909 1288 3999 geztihlt,
1327 3908 1456 3980 welche

282 4019 379 4088 4730
391 4017 460 4088 mal
486 4018 728 4098 vorkommen;
761 4017 850 4088 sieht
880 4044 960 4088 man
990 4043 1062 4088 von
1092 4017 1356 4106 geringfiigigen
1381 4015 1456 4088 Abs

282 4125 509 4214 weichungen
533 4123 588 4206 ab,
613 4151 653 4194 so
677 4123 755 4195 sind
781 4151 816 4195 es
841 4125 947 4204 2118,
971 4123 1028 4194 die
1054 4123 1227 4194 5612mal
1247 4123 1455 4195 erscheinen.

283 4230 436 4303 Rechnet
458 4257 538 4302 man
555 4258 598 4301 zu
614 4230 734 4302 diesen
750 4231 842 4301 noch
859 4229 1064 4320 diejenigen,
1089 4229 1146 4300 die
1162 4233 1199 4300 in
1214 4229 1312 4300 ihren
1328 4230 1456 4301 beiden

284 4338 429 4412 Hilften
454 4338 540 4410 oder
562 4338 660 4407 ihren
683 4337 861 4409 einzelnen
885 4337 1007 4407 Teilen
1038 4336 1110 4409 sich
1138 4337 1383 4419 wiederholen,
1415 4364 1455 4407 so
1527 4372 1528 4425 ς
