3092 5134
802 518 1025 588 ..50-

331 708 468 790 indicia,
493 736 583 800 quae
616 713 652 781 in
684 709 803 780 ultima
835 709 915 780 libri
937 717 968 775 Γ
994 721 1087 799 parte
1119 708 1218 806 (inde
1241 736 1261 780 a
1284 716 1314 774 Γ
1335 711 1425 797 514)
1453 737 1500 780 εει

328 828 428 897 stant,
453 816 646 887 Robertum
662 816 835 906 fugerunt.
867 825 897 882 Γ
916 818 1097 888 596-420
1119 819 1192 905 ipse
1210 818 1317 897 eiecit,
1340 830 1375 887 at
1390 825 1422 882 Γ
1436 819 1499 887 427

240 913 241 916 “
328 922 379 993 1111
410 922 668 1012 interpolationi
692 922 820 994 addere
843 922 1004 994 debebat.
1050 922 1132 994 Alia
1164 922 1320 994 eiusdem
1350 935 1501 995 retractas

327 1032 432 1101 tionis
457 1030 544 1102 clara
568 1030 694 1102 indicia
718 1029 807 1102 infra
830 1030 1056 1120 apparebunt.

417 1159 457 1225 In
488 1155 650 1244 Odyssea
680 1154 778 1228 verbi
812 1157 959 1223 ἑνίττειν
991 1157 1161 1233 (ἐνίσσειν)
1196 1154 1502 1245 deprehenduntur

328 1262 516 1334 duodecim
540 1262 713 1352 exempla:
750 1289 777 1329 π
800 1264 891 1342 417;
926 1285 947 1328 σ
970 1264 1026 1343 78,
1052 1264 1141 1342 526;
1176 1289 1195 1327 τ
1219 1265 1276 1343 65,
1301 1265 1365 1343 90;
1401 1289 1422 1328 ο
1454 1265 1500 1342 17,

326 1370 414 1450 5Ο5;
440 1399 462 1455 φ
488 1372 545 1450 84,
573 1371 651 1450 167,
676 1371 764 1450 287;
789 1397 809 1453 χ
834 1371 922 1450 212;
950 1380 978 1457 ψ
1001 1373 1059 1439 96.

415 1494 593 1565 Omnibus
616 1493 670 1565 his
694 1520 786 1583 quos
810 1496 911 1565 citavi
933 1492 1090 1565 versibus
1109 1497 1305 1565 Homericis
1329 1497 1501 1566 orationes

325 1599 596 1698 inducuntur;
620 1603 657 1672 in
681 1600 996 1690 complexione
1019 1599 1124 1672 verba
1155 1600 1200 1672 de
1229 1601 1359 1691 quibus
1390 1605 1501 1692 agitur

324 1733 499 1797 nusquam
523 1719 716 1788 occurrunt,
741 1707 802 1778 sed
827 1707 946 1778 crebro
972 1707 1066 1797 apud
1083 1710 1291 1796 posteriores
1308 1721 1443 1797 poetas,
1469 1721 1502 1778 ut

325 1840 428 1904 supra
452 1817 488 1885 in
512 1841 584 1904 cap.
608 1819 679 1886 XV
702 1819 940 1905 exposuimus.

745 2158 871 2281 Cap.
905 2160 1077 2259 XVII.

568 2335 632 2404 De
655 2332 795 2404 verbo
818 2335 1032 2424 ἐρεείνειν
1055 2333 1251 2424 (ἕρομαι).
1341 2375 1342 2380 1

414 2495 623 2584 Quaestioni
642 2520 731 2584 quae
753 2493 820 2566 fuit
838 2493 884 2565 de
903 2493 1011 2566 verbo
1031 2496 1179 2562 ἐνίπτειν
1198 2495 1369 2571 (ἐνίσσειν)
1395 2495 1501 2565 simila

326 2601 447 2671 limum
460 2599 571 2681 estid,
585 2599 684 2691 quod
697 2599 741 2672 de
753 2600 862 2672 verbo
874 2602 1029 2691 ἐρεείνειν
1041 2601 1191 2689 (ἕρομαι)
1203 2600 1427 2674 statuendum
1442 2615 1500 2673 est.

198 2799 206 2813 ,
413 2725 552 2816 Collegi
574 2725 657 2797 haec
682 2725 839 2815 exempla
862 2752 905 2796 ex
931 2725 1057 2797 Iliade:

324 2843 359 2898 A
383 2835 471 2904 513:
495 2837 616 2922 εἴρετο,·
639 2841 670 2898 Ε
692 2835 762 2903 756
787 2843 820 2904 et
844 2839 873 2898 Ω
899 2834 987 2903 361:
1011 2834 1151 2922 ἐξείρετο
1175 2832 1283 2920 (Rob.
1309 2834 1500 2922 ρε.,189);

328 2949 359 3007 Y
375 2943 416 3011 15
442 2941 631 3028 (ιν127);
655 2941 796 3027 ἐξείρετο
818 2941 945 3028 βουλήν
969 2938 1077 3026 (Rob.
1103 2965 1159 3029 pg.
1185 2941 1291 3025 574);
1319 2947 1350 3004 Γ
1374 2941 1441 3009 191
1471 2953 1501 3011 et

325 3050 412 3119 225;
438 3048 557 3137 ἐρέεινε
582 3045 833 3135 (tichoscopia;
850 3046 949 3116 Rob.
967 3072 1024 3136 pg.
1042 3048 1145 3132 207);
1170 3054 1192 3112 Ι
1205 3048 1276 3116 672
1300 3035 1500 3134 (Πρετβεία)

324 3166 357 3224 et
372 3162 403 3219 K
419 3155 487 3224 545
509 3155 727 3230 (Δολώνεια).·
750 3153 909 3242 ἐξερέεινε
917 3184 927 3234 ‚·
951 3161 982 3218 K
998 3155 1040 3223 8l
1068 3155 1106 3239 (ι
1129 3180 1147 3242 ρ
1174 3155 1279 3240 505);
1302 3154 1500 3241 ἐξερεείνετο

322 3262 443 3350 paidom
470 3267 501 3325 Φ
526 3262 595 3331 508
620 3268 841 3345 (θεομαχία);
866 3259 1014 3348 οἷνείρετο
1035 3259 1102 3349 ᾔδε’
1126 3262 1281 3343 γελάσας.

413 3388 509 3456 Haec
542 3396 703 3474 reputans
738 3387 844 3454 miror
870 3385 1060 3475 equidem,
1096 3385 1195 3475 quod
1227 3384 1318 3454 Rob.
1343 3410 1399 3474 pg.
1427 3388 1499 3457 216

239 3517 241 3520 ·
323 3501 357 3556 A
375 3493 443 3562 515
468 3493 555 3562 inter
577 3493 828 3562 vetustissimos
852 3504 1008 3562 numerat
1031 3496 1065 3562 et
1080 3491 1223 3562 demum
1240 3490 1322 3561 inde
1338 3517 1357 3561 a
1373 3499 1408 3555 A
1427 3494 1498 3562 518

321 3595 623 3687 interpolationem
653 3598 802 3668 ionicam
832 3598 981 3686 incipere
1005 3599 1132 3670 statuit.
1178 3596 1272 3667 Mihi
1296 3598 1398 3668 etiam
1422 3598 1499 3669 aliis

323 3703 367 3774 de
391 3704 500 3790 causis
531 3729 617 3793 quas
647 3702 702 3774 hic
734 3702 903 3792 explicare
935 3702 1080 3793 longum
1112 3716 1163 3775 est
1191 3704 1498 3792 interrogationem

322 3808 480 3880 Thetidis
505 3819 697 3899 suspectam
721 3835 794 3880 esse
818 3808 937 3880 fateor.
983 3811 1149 3881 Ceterum
1171 3808 1238 3880 hoc
1262 3808 1341 3880 loco
1365 3818 1400 3874 A
1427 3813 1496 3881 515

321 3920 424 4004 εἴρετο
458 3915 627 4006 significat
661 3917 852 4004 »precari«,
891 3942 972 3987 nam
1007 3914 1094 4006 quid
1126 3914 1246 3987 Thetis
1281 3917 1496 4006 interrogat?

299 4022 481 4113 *Augetur
511 4048 586 4093 mea
618 4023 769 4111 suspicio
793 4020 1038 4103 similitudine,
1070 4048 1140 4112 qua
1162 4021 1220 4092 ille
1243 4020 1341 4092 locus
1365 4030 1401 4086 A
1427 4025 1495 4093 515

324 4154 403 4199 cum
425 4127 658 4218 tichoscopiae
673 4128 830 4199 versibus
846 4136 877 4193 Γ
893 4131 957 4198 191
978 4141 1011 4200 et
1027 4130 1096 4199 225
1122 4129 1352 4217 coniungitur.
1392 4129 1495 4199 Certe

321 4233 389 4306 hoc
412 4260 484 4306 uno
508 4261 609 4306 versu
631 4244 667 4302 A
691 4236 760 4305 515
785 4260 902 4305 meum
923 4234 1110 4316 iudicium,
1146 4261 1219 4324 quo
1247 4229 1317 4304 'hoc
1348 4233 1495 4306 verbum

320 4341 449 4429 ἐρεείνω
473 4343 599 4412 recenti
622 4339 764 4412 demum
788 4343 851 4412 arti
874 4343 989 4430 epicae
1011 4340 1140 4421 tribuo,
1164 4341 1305 4411 minime
1324 4338 1494 4420 turbatur.
