3092 5134
727 463 951 532 „72-

345 661 446 747 Susp.
471 661 574 729 etiam
597 658 706 729 concl.
731 669 765 724 A
790 659 917 747 304s5:

412 763 455 843 dic
478 766 523 831 τώ
547 773 578 846 y'
603 764 782 844 ἀντιβίοισι
805 777 1032 852 μαχησαμένίν
1055 766 1208 833 ἐπέεσσιν

412 870 590 958 α’νστητην,
613 874 722 938 λῦσαν
746 874 778 938 d’
798 871 924 960 α’γορην
949 873 1043 960 παροέ
1068 884 1183 959 νηυσὶν
1207 872 1360 957 Ἀχαιῶν,

252 1003 333 1048 nam
360 979 396 1063 1)
421 976 558 1048 ubertas
581 980 689 1049 totius
706 980 892 1049 sententiae
908 977 1012 1068 longe
1029 978 1191 1050 recedita
1212 979 1428 1069 simplicitate

253 1084 416 1155 dictionis
440 1085 627 1174 genuinae,

345 1193 384 1277 2)
408 1203 522 1262 totum
546 1190 743 1262 diverbium
767 1204 1026 1263 consummatur
1049 1191 1109 1280 (cf.
1122 1197 1207 1282 cap.
1232 1195 1321 1279 IV)';

344 1299 383 1384 3)
407 1309 510 1387 poeta
548 1297 649 1379 dicit,
688 1297 777 1387 quid
816 1298 1009 1370 fecerint
1047 1298 1187 1381 heroes,
1226 1326 1298 1370 non
1341 1300 1431 1390 quid

254 1404 467 1476 dixerint.

348 1531 428 1601 Sim.
453 1555 522 1600 una
552 1528 635 1600 haec
666 1532 834 1600 sententia
866 1532 915 1616 (A
943 1532 1010 1601 136
1042 1543 1075 1602 et
1101 1540 1137 1597 Χ
1159 1533 1241 1618 90):
1274 1530 1317 1609 dc
1347 1534 1432 1613 τώγε

254 1640 406 1704 κλαίοντε
438 1637 680 1725 προσαυδήτην.
738 1640 896 1727 Uterque
931 1636 977 1707 lo.
1018 1638 1116 1725 rec.¹)
1164 1642 1309 1709 Rectum
1343 1637 1432 1709 divia

255 1743 360 1815 nabat
390 1742 519 1824 Christ,
551 1744 613 1832 qui
643 1745 680 1813 in
711 1769 816 1833 marg.
848 1742 893 1814 ad
924 1754 959 1810 A
992 1746 1061 1815 303
1094 1744 1289 1816 adnotavit:
1325 1748 1433 1815 »Hoc

1406 761 1411 771 ι

254 1878 354 1923 versu
378 1877 514 1922 carmen
530 1855 674 1939 primum
698 1863 780 1939 apte
795 1850 955 1922 claudere
970 1865 1138 1940 poterant,
1155 1857 1186 1923 si
1204 1857 1263 1941 qui
1277 1877 1432 1923 seorsum
1540 1860 1541 1865 ’

257 1959 295 2030 id
316 1957 539 2029 recitabant«
578 1958 722 2045 Optime
745 1955 820 2027 illel
861 1960 903 2027 Et
926 1956 970 2028 ab
994 1956 1104 2028 isdem
1128 1957 1312 2048 rhapsodis
1329 1960 1432 2028 etiam
1540 1970 1541 1973 ’

256 2063 442 2135 nonnullas
466 2062 548 2134 alias
572 2089 621 2133 or.
645 2065 790 2133 variatas
814 2089 887 2135 esse
910 2065 981 2135 veri
1006 2064 1219 2135 simillimum
1241 2064 1389 2136 videtur.

261 2298 389 2369 causis:

349 2405 386 2490 1)
409 2405 522 2474 Totus
545 2402 642 2474 color
664 2404 867 2472 narrationis
891 2401 1027 2473 dulcior
1055 2415 1105 2474 est
1129 2414 1235 2493 quam
1266 2429 1429 2474 versuum
1544 2430 1545 2433 ¹

257 2510 545 2601 praecedentium.
580 2510 716 2580 Auctor
731 2507 948 2580 audientium
965 2536 1085 2580 sensus
1101 2508 1146 2580 ad
1162 2509 1432 2582 misericordiam
1544 2520 1545 2549 ³

259 2621 420 2691 suscitare
448 2616 635 2703 conatur.³)
1235 2702 1236 2707 ἵ

348 2727 388 2812 2)
414 2728 499 2814 Quo
531 2723 649 2794 studio
681 2722 854 2794 adductus
889 2721 934 2793 ad
967 2723 1075 2794 concl.
1104 2733 1139 2789 A
1172 2725 1241 2794 337
1273 2722 1316 2802 ὥς
1348 2725 1434 2809 φάτο

257 2832 356 2904 addit
388 2834 504 2922 partic.
537 2832 642 2919 δάκρυ
676 2842 773 2915 χέων,
810 2856 915 2920 quem
947 2855 1050 2900 usum
1084 2856 1157 2900 non
1190 2842 1258 2901 vet.
1289 2856 1362 2901 esse
1398 2832 1434 2901 in

258 2966 332 3030 cap.
350 2944 409 3029 ,Vl
433 2938 707 3009 demonstratum
731 2948 791 3007 est.

349 3048 388 3133 3)
411 3044 472 3117 Ad
504 3044 575 3115 ind.
608 3054 643 3110 A
676 3045 763 3116 540:
800 3042 922 3111 αὐτίκα
958 3056 1151 3133 κερτομίοισι
1177 3046 1349 3132 προσηύδα

261 3152 484 3226 memorabile
508 3152 590 3225 hoc:

346 3248 568 3332 Adverhium
590 3258 712 3325 ου’τίκα
738 3257 799 3345 (cf.
816 3284 888 3347 cap.
906 3259 949 3343 Ι),
964 3283 1046 3338 rec.;
1070 3257 1280 3329 adiectivum
1296 3256 1434 3328 nudum

259 3380 464 3459 κερτομίοισι,
489 3368 587 3437 cuius
611 3364 877 3445 substantivum,
908 3362 1007 3454 quod
1032 3375 1257 3454 exspectatur,
1291 3366 1436 3442 ἐπέεσσι,

259 3478 361 3548 nimis
393 3501 460 3546 usu
491 3472 656 3544 detritum
686 3470 866 3560 disparuit,
902 3473 1002 3561 quasi
1033 3470 1189 3542 adverbii
1221 3469 1437 3542 functionem

260 3583 426 3673 adeptum
450 3592 510 3651 est.
557 3578 644 3650 anal.
668 3587 698 3644 A
720 3580 809 3658 256;
833 3586 864 3643 Ζ
885 3580 974 3658 214;
998 3586 1033 3643 Χ
1054 3579 1142 3657 497;
1166 3606 1178 3642 ι
1202 3579 1292 3658 474;
1316 3603 1336 3643 υ
1357 3579 1437 3659 163,

264 3693 342 3763 177.
367 3729 400 3740 -
424 3714 545 3760 omnes
569 3687 606 3758 hi
628 3686 697 3757 loci
720 3713 785 3757 rec.
810 3725 843 3735 -
919 3771 921 3780 Ι

349 3799 389 3884 4)
414 3794 522 3867 concl.
546 3804 581 3860 A
606 3796 694 3867 584:
719 3792 763 3871 dic
788 3792 843 3882 ἄρ’
867 3792 927 3881 ἔφη
952 3820 1029 3875 rec,
1054 3792 1096 3863 cf.
1121 3819 1194 3883 cap.
1219 3796 1262 3863 X.

352 4046 379 4116 1)
397 4043 434 4102 ad
453 4052 478 4095 A
499 4046 549 4101 136
567 4040 601 4101 cf.
621 4041 694 4100 Rob.
715 4063 760 4115 pg.
784 4044 845 4109 16Ο;
866 4048 893 4093 Χ
911 4045 947 4098 90
966 4061 1018 4114 pro
1038 4062 1067 4099 se
1086 4046 1146 4113 ipse
1166 4041 1303 4113 loquitur.

350 4135 379 4204 2)
398 4136 482 4204 Quos
500 4120 556 4190 iain
575 4132 745 4197 Lachmann,
766 4129 904 4202 Koechly,
924 4130 972 4187 alii
991 4129 1063 4187 alius
1077 4151 1135 4187 esse
1149 4139 1250 4202 poetae
1264 4128 1435 4187 docuerunt.

350 4225 379 4294 3)
398 4222 432 4281 cf.
451 4228 476 4274 A
495 4226 560 4281 351:
586 4221 669 4276 nollo?
688 4221 817 4292 ἤρήσατο,·
844 4227 869 4273 A
887 4222 954 4277 413:
980 4218 1046 4273 κατα
1073 4219 1159 4290 δάκρυ
1181 4226 1297 4291 χέουσα,·
1324 4224 1349 4270 A
1369 4222 1434 4275 360:

261 4314 347 4386 δάκρυ
362 4320 484 4386 χέοντος,ι
503 4318 528 4363 A
546 4315 612 4370 364:
631 4310 701 4382 βαρυ
720 4310 862 4383 στενάχων.

348 2191 448 2279 Susp.
476 2190 578 2259 etiam
601 2216 657 2259 vv.
681 2197 716 2254 A
741 2189 920 2259 348-429
945 2200 978 2259 et
1001 2197 1036 2254 A
1058 2191 1278 2275 493-6112)
1309 2188 1363 2259 his
1387 2188 1433 2260 de
1543 2252 1544 2265 ,
