3092 5134
578 499 935 572 -23-'

193 696 261 769 Sed
284 709 324 768 ut
348 695 393 768 ad
417 696 523 767 finem
542 696 646 769 huius
663 698 876 786 quaestionis
893 698 1100 786 perveniam,
1125 699 1278 769 animum

102 815 267 875 converto
292 805 328 874 in
352 829 482 892 paucos
505 803 613 884 locos,
646 805 708 893 qui
731 803 817 874 mihi
840 802 1081 874 memorabiles
1104 802 1277 874 videntur.

102 912 296 1001 Interponit
321 912 413 982 enim
428 910 629 999 Xenophon
649 912 785 982 conviv.
799 912 886 981 IV3
911 936 983 981 non
1004 910 1118 981 solum
1134 909 1279 981 verbum

102 1017 175 1106 ἔφη,
199 1017 261 1088 sed
285 1019 387 1088 etiam
410 1015 484 1104 ἅμα
507 1020 695 1098 εἰσβλέπων
718 1017 762 1096 εἷς
784 1019 929 1102 ἐλέγχων
953 1017 1069 1086 αἰτόν.
1119 1017 1279 1089 Similiter

102 1126 201 1197 Plato
232 1151 268 1194 re
298 1123 396 1215 publ.
421 1128 447 1205 I,
473 1126 587 1195 3311)
620 1126 754 1213 scripsit
782 1123 848 1194 sub
877 1127 1041 1196 orationis
1073 1124 1278 1196 clausulam:

102 1225 124 1321 ἤ
149 1234 179 1299 δ’
197 1231 233 1311 ὃς
256 1233 402 1315 γελάσας
433 1242 490 1298 καὶ
523 1229 595 1317 ἅμα
628 1234 764 1330 προσῄει
796 1233 881 1323 πρός
911 1232 955 1299 τά
980 1233 1064 1320 ἱεροί.
1113 1229 1278 1302 Dilucide

102 1340 246 1429 originis
270 1365 352 1410 suae
375 1349 494 1410 notam
517 1338 594 1409 illae
619 1341 805 1410 sententiae
838 1365 917 1428 prae
942 1364 977 1409 se
1001 1338 1117 1409 ferunt
1139 1349 1280 1429 propter

101 1445 191 1517 illud
217 1443 300 1531 ἅμα,
329 1444 428 1535 quod
453 1448 488 1516 in
513 1445 797 1517 conclusionibus
820 1444 1086 1535 Xenophonteis
1110 1457 1143 1516 et
1166 1443 1278 1516 Platos

35 1559 45 1568 “
103 1554 189 1626 nicis
212 1564 341 1624 tantam
365 1552 594 1643 frequentiam
619 1551 786 1642 adeptum
810 1564 878 1634 est,
911 1564 950 1624 ut
971 1564 1090 1623 notam
1113 1554 1155 1623 iis
1179 1553 1279 1641 quasi

102 1661 286 1748 imprimat.

193 1769 246 1838 Sic
279 1794 391 1857 usque
425 1767 470 1839 ad
505 1766 695 1839 hodiernos
731 1769 900 1857 persecuti
935 1792 1055 1838 sumus
1089 1765 1145 1847 id,
1181 1768 1279 1838 cuius

101 1885 236 1947 tantum
261 1872 427 1946 elementa
450 1877 487 1944 in
511 1873 719 1946 carminibus
744 1875 940 1945 Homericis
964 1885 1107 1945 exstant.

577 2197 704 2319 Cap.
742 2200 805 2295 II.

104 2376 168 2444 De
192 2375 507 2462 pronominum
532 2384 572 2442 et
595 2371 914 2444 adverbiorum
932 2399 1031 2454 usu,
1056 2375 1216 2462 quiest
1235 2375 1279 2444 in

133 2481 391 2551 orationum
414 2478 768 2550 inductionibus
793 2490 833 2551 et
856 2478 1247 2551 conclusionibus.

194 2640 401 2730 Plerumque
424 2640 469 2712 ab
494 2638 697 2712 Homeridis
722 2638 766 2712 ad
791 2642 964 2710 orationes
987 2638 1203 2710 inducendas
1219 2639 1278 2711 ads

103 2746 213 2819 hibita
236 2759 317 2818 sunt
340 2758 400 2818 aut
423 2746 590 2836 simplicia
613 2745 718 2818 verba
741 2745 882 2818 dicendi
913 2757 973 2817 aut
1002 2745 1107 2817 verba
1138 2744 1277 2817 dicendi

104 2853 265 2943 copulata
289 2880 368 2924 cum
390 2859 502 2940 μῦθος
525 2855 597 2924 sive
621 2852 700 2932 ἔπος
724 2852 953 2934 substantivo,
978 2851 1078 2942 quod
1101 2879 1174 2924 non
1200 2880 1277 2924 raro

104 2964 221 3051 ipsum
245 2987 389 3051 quoque
414 2972 555 3032 ornatur
571 2959 741 3031 adiectivo
766 2959 826 3046 (cf.
845 2987 873 3030 e.
889 2986 922 3050 g.
939 2970 996 3026 καὶ
1014 2959 1175 3028 ὀνείδειον
1191 2962 1278 3046 φάτο

102 3070 252 3155 μῦθον»
295 3067 471 3139 interdum
513 3069 614 3138 etiam
657 3069 799 3156 ponitur
837 3065 982 3138 verbum
1021 3066 1277 3155 descriptivum.

103 3177 154 3246 At
176 3187 291 3246 tamen
314 3176 415 3264 pauci
438 3173 507 3245 loci
531 3173 626 3263 apud
651 3177 848 3244 Homerum
876 3185 1019 3254 exstant,
1052 3175 1114 3263 qui
1136 3172 1187 3243 illi
1210 3172 1278 3264 legi

103 3293 306 3372 repugnent.
362 3280 443 3353 lllae
475 3282 567 3352 enim
598 3283 782 3361 orationes,
814 3307 901 3371 quas
932 3292 1035 3370 poeta
1066 3307 1139 3351 non
1170 3292 1209 3351 ut
1242 3308 1277 3351 re

103 3415 183 3460 vera
206 3387 340 3460 habitas
363 3387 475 3469 refert,
499 3390 607 3458 immo
630 3413 713 3458 vero
738 3399 777 3458 ut
799 3414 818 3459 a
843 3414 877 3458 se
901 3387 956 3459 vel
973 3386 1017 3459 ab
1033 3386 1277 3459 interlocutore

105 3497 313 3586 cogitatione
336 3495 431 3566 fictas
439 3493 480 3582 ¹),
503 3493 558 3565 his
581 3493 739 3565 formulis
763 3493 992 3566 inducuntur:

264 3593 329 3669 dds
352 3604 394 3669 δέ
412 3629 461 3680 τις
485 3607 636 3669 εἴπεσκεν
660 3602 742 3668 ἰδών
764 3607 812 3680 εἰς
835 3603 977 3689 πλήσιον
1000 3600 1105 3668 ἄλλον

104 3712 190 3792 sim,
207 3736 296 3800 quae
313 3736 332 3780 a
349 3711 466 3780 ceteris
482 3707 650 3780 differunt
664 3707 726 3779 illo
742 3707 910 3780 adverbio
923 3699 988 3776 ὦδε
1005 3708 1137 3795 (semel,
1151 3712 1276 3780 P420÷

105 3815 176 3905 ὥς),
201 3816 300 3907 quod
324 3818 491 3906 prospicit
513 3815 557 3887 ad
580 3815 696 3896 verba,
720 3842 810 3905 quae
835 3826 1038 3905 sequuntur.

194 3922 262 3995 Sed
293 3950 349 3994 eas
381 3936 512 4012 praeter
541 3921 711 3994 nonnulla
741 3921 817 4004 alia,
849 3949 938 4012 quae
968 3921 1024 3994 hic
1055 3925 1190 4006 omitto,
1222 3924 1278 3995 vel

104 4044 246 4124 propter
267 4031 421 4103 iterativa
443 4033 485 4101 iis
509 4030 687 4102 familiaria
710 4033 871 4107 (εἴπεσκε)
893 4031 1144 4102 vetustissimae
1176 4029 1276 4101 Iliadi

105 4137 301 4210 adiudicare
325 4163 397 4208 non
420 4136 508 4209 licet.
533 4199 536 4206 .

197 4351 223 4420 l)
243 4350 434 4423 Simplicitatis
447 4373 530 4411 causa
543 4374 588 4413 eas
601 4351 674 4412 infra
686 4373 798 4425 semper
806 4356 969 4411 »orationes
982 4351 1077 4411 ficus«
1089 4351 1276 4425 nuncupabo.
