3092 5134
267 817 356 880 quae
380 792 572 861 orationem
596 789 806 879 praecedunt
829 790 965 862 desunt.

354 899 405 988 At
421 896 522 986 plane
537 899 710 986 respuitur
732 897 816 968 haec
839 897 895 969 lex
919 897 1009 970 ab''
987 925 1039 980 ns,
1064 901 1126 989 qui
1147 911 1228 988 post
1245 903 1443 970 Homerum

267 1006 414 1075 cannina
452 1003 641 1078 fecerunt..
673 1008 713 1075 In
751 1005 890 1094 hymnis
930 1008 1126 1078 Homericis
1165 1006 1270 1078 semel
1307 1019 1444 1078 tantum

267 1113 421 1201 positum
445 1122 495 1181 est
519 1101 583 1178 dds
607 1113 661 1198 (in
684 1114 763 1183 Cer.
788 1114 889 1199 459),
914 1112 975 1183 sed
1000 1116 1036 1183 in
1060 1112 1444 1202 batrachomyomachia

266 1231 317 1290 ter
340 1230 449 1290 exstat
472 1244 666 1307 pronomen
687 1235 773 1298 τοῖος
798 1221 874 1306 (74,
899 1223 956 1302 92,
961 1265 963 1268 -
982 1222 1081 1308 271),
1110 1248 1152 1291 ex
1177 1247 1249 1310 quo
1275 1221 1384 1292 elucet
1408 1260 1443 1270 -

266 1325 304 1397 id
329 1325 427 1416 quod
444 1325 550 1397 hodie
567 1337 749 1398 constat-
772 1353 878 1416 quam
893 1329 1008 1416 inepte
1025 1327 1113 1398 illud
1131 1354 1265 1399 carmen
1282 1331 1444 1399 Homero

266 1432 489 1505 adscribatur.
542 1432 654 1522 Apud
687 1432 874 1563 Pindarum
905 1434 1029 1524 legitur
1060 1425 1124 1502 οἶδε
1164 1434 1263 1523 Pyth
1284 1438 1336 1504 IV
1364 1437 1445 1515 102,

267 1542 355 1621 229;
392 1540 491 1630 Pyth.
515 1543 603 1611 VIII
627 1542 686 1611 43
722 1538 825 1619 οὕτως
861 1540 960 1628 Pyth.
985 1545 1038 1613 IV
1066 1543 1126 1622 ll;
1160 1544 1240 1609 τόδε
1265 1541 1364 1630 Pyth.
1390 1545 1445 1612 IV

267 1650 324 1730 86,
349 1650 454 1718 Nem.
478 1651 511 1718 X
535 1650 583 1718 80
606 1649 699 1724 (τάδε
724 1646 838 1730 ἔπος),Ι
862 1648 1014 1738 denique
1042 1675 1192 1716 τοιουτον
1215 1648 1293 1728 ἔπος
1323 1648 1444 1719 Isthm.

356 1861 537 1934 Hesiodus
554 1861 621 1933 sibi
637 1864 791 1953 permisit
803 1864 903 1930 τόνδε
915 1889 996 1952 προς
1008 1862 1373 1954 μάθοοέτιπενζὶὴεοε.
1385 1867 1443 1934 24.

356 1973 396 2060 In
418 1969 539 2058 Apoll.
565 1967 680 2041 Rhod.
704 1970 790 2060 Arg.
814 1968 905 2041 libro
933 1972 1046 2059 primo
1078 1982 1261 2042 occurrunt
1292 1969 1335 2050 ὥς
1352 1973 1443 2050 886;

267 2067 331 2144 dds
356 2074 498 2157 240t41,
532 2078 613 2158 674,
649 2078 752 2157 1091,
780 2079 890 2158 1289;
922 2094 1007 2157 τοῖος
1031 2079 1113 2159 277,
1139 2079 1220 2159 350,
1245 2081 1327 2160 699,
1360 2081 1442 2148 864.

266 2182 452 2255 Accedunt
474 2182 569 2272 apud
600 2183 686 2255 alios
717 2186 811 2262 τάδε,
842 2186 968 2262 τοιάδε,
999 2187 1122 2252 τοιοίδε
1154 2187 1228 2255 sim.
1276 2186 1443 2274 Denique

266 2290 362 2380 apud
382 2292 562 2380 'prosaicos
586 2316 781 2379 pronomen
805 2290 920 2362 solum
944 2291 1013 2364 lere
1037 2303 1164 2382 regnat.

357 2414 424 2487 Sed
448 2414 531 2486 haec
555 2413 815 2487 adumbravisse
839 2415 1005 2498 sufficiat;
1036 2415 1173 2505 plenius
1203 2443 1296 2488 meas
1326 2415 1442 2488 obser=

266 2525 422 2595 vationes
446 2521 511 2594 alia
535 2524 715 2594 occasione
740 2522 857 2594 oblata
880 2549 1075 2614 proponere
1099 2535 1257 2615 praestat.

355 2629 453 2701 Idem
489 2628 557 2700 fere
594 2628 684 2701 valet
718 2629 762 2701 de
797 2632 839 2702 iis
874 2629 1043 2712 formulis,
1076 2629 1207 2720 quibus
1242 2632 1441 2703 orationum
1529 2678 1530 2683 κ

247 2736 499 2809 τΙοιοευΙοε
525 2747 698 2808 notantur.
1409 2824 1412 2830 Ι

355 2848 425 2916 Lex
450 2855 509 2925 est,
534 2855 573 2915 ut
596 2855 727 2932 praeter
748 2843 895 2915 verbum
917 2836 941 2932 οἷ
963 2843 1058 2915 nude
1082 2846 1236 2934 positum
1255 2870 1365 2916 unum
1380 2844 1440 2916 ads

265 2951 425 3024 verbium
448 2948 491 3030 ὥς
515 2949 729 3034 adhibeatur.
770 2953 874 3022 Pauci
895 2963 1030 3024 tantum
1045 2951 1114 3024 loci
1130 2951 1325 3043 excipiendi
1340 2963 1438 3023 sunt:

267 3068 297 3127 Z
315 3061 399 3130 166:
424 3057 467 3138 dg
488 3060 585 3145 φάτο,
608 3060 669 3127 τόν
694 3061 731 3126 δὲ
752 3057 885 3127 ἄνακτα
909 3062 1007 3144 χόλος
1030 3062 1147 3141 λάβεν,
1172 3059 1214 3126 οἷ
1219 3086 1263 3128 ον
1287 3058 1437 3127 ἄκουσον.

266 3175 310 3234 Μ
328 3169 409 3240 173:
434 3165 477 3247 οῗς
501 3166 607 3253 ἔφατ’,
632 3165 671 3234 οὔ
688 3166 761 3254 611)
786 3168 867 3247 Arde
883 3176 986 3235 uelde
1001 3179 1107 3259 φρένα
1123 3173 1243 3236 ταῦτ’
1258 3167 1439 3257 άγορεάοον,

177 3277 179 3282 ’
268 3277 330 3365 qui
353 3286 468 3346 tamen
492 3277 629 3364 proprie
653 3274 721 3345 huc
744 3301 818 3346 non
842 3277 1022 3365 pertinent,
1047 3274 1146 3365 quod
1154 3300 1372 3364 pronomen,
1395 3273 1440 3345 de

268 3407 341 3471 quo
364 3381 553 3472 loquimur,
581 3383 618 3453 in
642 3382 744 3454 altera
775 3381 918 3453 demum
949 3384 1116 3454 sententia
1147 3381 1360 3453 adversativa
1390 3383 1441 3451 ins

268 3491 413 3561 venitur.
459 3491 607 3582 Maioris
630 3491 798 3561 momenti
822 3501 903 3562 sunt
924 3488 979 3561 hi:

266 3603 304 3662 11
322 3599 411 3668 202:
438 3603 587 3664 Ταῦτα
610 3604 646 3683 μ’
670 3596 880 3687 ἀγειρόμενοι
903 3600 994 3684 θάμ’
1016 3598 1164 3678 ἐβάζετε.

267 3711 295 3770 θ
319 3705 364 3776 83
390 3705 427 3791 (a
445 3705 550 3791 367):
574 3709 693 3771 ταῦτ’
718 3702 773 3792 ἄρ’
798 3703 916 3784 dardis
940 3703 1034 3771 ἄειδε
1057 3706 1261 3793 περικλυτός.

148 3818 153 3836 ¹
266 3838 291 3896 μ
318 3812 403 3881 165.·
426 3801 449 3899 ἤ
471 3838 522 3877 τοι
544 3811 606 3894 ἐγώ
630 3811 681 3878 τά
704 3817 868 3879 ἕκαστα
891 3812 998 3895 λέγων
1020 3813 1167 3901 ἑτάροισι
1191 3823 1388 3897 πίφαυσκον.

266 3945 290 4003 μ
315 3919 402 3990 389:
426 3923 564 3985 ταῦτα
590 3920 621 3985 d’
643 3919 727 4002 ἐγών
750 3917 876 4006 ἤκουσα
900 3921 1087 4008 Καλυψοῦς
1109 3917 1277 4005 ἠυκόμοιο.

356 4027 521 4117 Denique
545 4050 655 4097 unum
674 4051 813 4098 versum
829 4025 1000 4107 adscribo,
1024 4024 1119 4115 apud
1136 4051 1241 4114 quem
1257 4024 1440 4114 paululum

267 4133 391 4203 morari
415 4157 551 4203 necesse
579 4144 639 4204 est.

268 4279 481 4288 *—

358 4348 384 4425 l)
405 4349 450 4412 De
468 4350 605 4427 scnptura
622 4346 652 4402 οὒ
670 4350 696 4402 n
715 4347 748 4408 cl.
769 4346 850 4407 infra.
