3092 5134
573 501 774 566 ..9-

182 695 218 779 1)
241 693 362 782 Atque
385 693 536 781 primum
560 690 704 782 quidem
729 693 901 762 orationes
928 692 1022 781 ipsae
1054 715 1187 780 semper
1218 717 1260 760 ex

86 827 206 872 versus
229 801 330 870 initio
353 801 524 889 incipiunt
547 811 580 870 et
604 798 670 869 sub
693 825 813 869 versus
836 798 941 868 linem
965 796 1138 899 desinunt.

178 909 218 994 2)
243 909 383 996 Semper
407 905 559 996 quadam
576 905 725 994 formula
741 917 775 976 et
791 904 975 977 exordium
991 917 1025 976 et
1040 904 1119 974 linis
1135 906 1260 975 oratioe

87 1040 173 1085 num
195 1025 344 1084 notatur.

179 1124 216 1209 3)
242 1120 403 1211 Singulae
438 1122 475 1191 in
510 1119 675 1191 diverbiis
707 1121 880 1191 orationes
916 1131 949 1189 et
983 1118 1197 1191 inducuntur
1228 1131 1261 1190 et

87 1227 354 1309 concluduntur,
378 1254 450 1298 non
473 1239 587 1298 totum
611 1226 818 1299 diverbium.

176 1338 217 1422 4)
243 1337 431 1425 Nusquam
447 1336 653 1424 pronomine
669 1333 846 1405 inducitur
857 1334 913 1405 vel
925 1345 1116 1405 summatur
1131 1335 1260 1415 oratio;

87 1469 198 1515 unum
220 1454 354 1515 tantum
375 1440 579 1513 adverbium
596 1440 639 1520 de
656 1452 736 1531 post
752 1443 944 1512 orationem
959 1441 1092 1511 finitam
1108 1442 1260 1531 ponitur.

87 1555 210 1621 Forma
233 1548 330 1621 verbi
353 1541 375 1637 ἧ
398 1551 435 1619 in
460 1548 701 1639 complexione
725 1547 820 1618 nude
845 1546 1039 1618 adhibetur.

178 1659 216 1743 5)
240 1656 400 1727 Verbum
431 1681 548 1727 earum
583 1655 821 1737 formularum,
857 1654 987 1745 quibus
1022 1656 1133 1725 oratio
1164 1654 1261 1725 linita
1309 1727 1314 1739 ,

85 1765 276 1853 respicitur,
288 1788 450 1833 merum
466 1761 649 1834 verbum
666 1761 850 1834 dicendi
867 1773 917 1832 est
929 1801 962 1812 ·-
976 1773 1093 1833 contra
1103 1760 1260 1832 inductio

87 1870 241 1942 ubertate
277 1869 429 1961 quadam
461 1871 628 1940 sermonis
659 1868 795 1953 excellit
825 1908 858 1919 -
891 1871 946 1940 cui
978 1867 1122 1958 quidem
1151 1867 1260 1939 verbo

86 1977 233 2049 adicitur
256 2003 332 2048 raro
357 1988 389 2048 et
412 1979 500 2048 intra
523 1988 750 2067 perangustos
773 1988 908 2047 tantum
929 1976 1015 2046 fines
1031 1976 1259 2064 participium.

177 2086 216 2170 6)
242 2084 421 2155 Formulae
452 2095 567 2156 autem
598 2084 814 2173 principales,
850 2109 939 2172 quae
970 2084 1006 2152 in
1038 2080 1260 2152 conclusione
1354 2155 1357 2161 ,

87 2177 318 2273 valentssunt
340 2190 421 2261 hae:
447 2189 490 2269 o‘ic
514 2190 621 2276 ἔφανζ·
645 2189 688 2268 οῗς
712 2191 799 2276 φάτο
807 2221 818 2271 ,·
842 2188 885 2268 dg
909 2191 1014 2257 εἰπών
1022 2219 1033 2269 ,·
1063 2180 1161 2278 ἧ(ῥα)
1184 2198 1260 2269 acuti,¹

88 2295 130 2377 ὣς
165 2297 234 2388 ἄρα
270 2300 427 2386 φωνήσας
462 2300 671 2386 (φωνήσασ).
728 2297 789 2369 Ad
826 2323 912 2387 quas
951 2296 1145 2368 subiectum
1183 2321 1260 2366 raro

87 2406 243 2478 adicitur.
290 2409 479 2495 Nusquam
508 2416 623 2477 autem
655 2431 733 2475 cum
763 2405 960 2494 insequenti
991 2402 1193 2474 inductione
1224 2404 1261 2472 in
1371 2486 1374 2490 Δ
1436 2470 1441 2480 ,

87 2540 197 2585 unum
220 2539 357 2584 versum
381 2515 665 2603 comprimuntur.

175 2619 322 2692 Accedit
344 2619 440 2692 aliud
463 2647 573 2711 genus
597 2619 842 2690 formularum:
894 2639 896 2643 ·

246 2727 307 2795 τόν
331 2729 362 2794 d’
379 2726 653 2814 ἀπαμειβόμενος
678 2737 824 2815 προσέφη
835 2757 846 2807 ,-

245 2836 306 2903 τόν
330 2837 361 2902 d’
377 2834 523 2924 ἠμείβετ’
540 2833 657 2901 ἔπειτα
666 2865 677 2914 ,·

246 2956 307 3010 καί
325 2970 384 3029 μιν
407 2944 564 3031 φωνήσας
590 2941 675 3009 ἔπεα
700 2943 885 3030 πτερόεντα
910 2943 1103 3031 προσηύδα·

248 3050 354 3136 ἀγχοῦ
377 3052 408 3117 d’
424 3052 599 3135 ἱστάμενος
625 3048 710 3116 ἔπεα
735 3051 920 3138 πτερόεντα
945 3050 1138 3138 προσηύδα.-

246 3169 308 3225 nul
326 3184 384 3244 μιν
408 3158 492 3246 προς
516 3162 631 3242 μῦθον
656 3155 767 3224 ἔειπεν
792 3210 798 3222 .
819 3210 850 3222 ..

246 3265 306 3332 τόν
330 3266 361 3331 d’
378 3255 460 3331 urive
484 3275 660 3352 προσέειπε
685 3317 743 3329 ...

104 3411 105 3414 ¹
177 3373 216 3458 7)
241 3375 362 3442 Forma
385 3376 432 3459 φῆ
455 3370 499 3442 ad
523 3369 762 3441 inductionem
785 3372 935 3440 restricta
959 3381 1026 3450 est3
1051 3361 1206 3457 contrari
1227 3382 1260 3440 et

87 3479 183 3565 ἔφατ’
195 3481 313 3565 (φάτο)
329 3489 460 3568 praeter
477 3476 754 3567 complexionem
771 3477 888 3548 locum
900 3503 973 3547 non
988 3475 1127 3547 habent.
1152 3479 1259 3547 Denie

87 3614 155 3677 que
179 3584 325 3658 verbum
348 3588 457 3668 λέγειν
481 3586 626 3654 omnino
651 3583 756 3655 deest.

177 3691 297 3763 Habes
320 3691 423 3781 leges,
449 3718 538 3781 quae
562 3692 598 3761 in
623 3693 823 3762 universum
846 3689 890 3761 ab
916 3689 1119 3760 Homeridis
1143 3690 1259 3761 obser*

85 3812 226 3880 vantur;
254 3799 393 3871 levioris
417 3797 582 3889 ponderis
606 3824 746 3868 normae
771 3824 836 3868 suo
860 3797 940 3868 loco
971 3799 1008 3867 in
1038 3796 1150 3867 lucem
1182 3823 1259 3886 pros

87 3919 270 3997 ponentur.
316 3905 428 3977 Aliud
453 3931 597 3996 quoque
622 3904 920 3995 praemonendum
944 3915 1011 3976 est:

176 4018 303 4084 Rerum
326 4025 447 4084 natura
468 4011 589 4083 datum
605 4025 656 4082 est
670 4037 787 4082 meum
804 4011 1013 4102 opusculum
1029 4014 1137 4102 magis
1154 4038 1259 4103 quam

86 4122 205 4193 lectori
226 4133 361 4212 gratum
385 4123 457 4203 erit,
481 4123 596 4209 ipsum
619 4146 763 4210 quoque
779 4118 956 4191 abundare
972 4121 1099 4191 iteratis
1116 4119 1259 4210 quibust

87 4228 167 4300 dam
202 4226 361 4300 formulis
395 4226 576 4318 loquendi.
630 4230 751 4316 ltaque
788 4225 960 4316 quaedam
994 4225 1164 4298 vocabula
1199 4251 1260 4316 per

88 4334 294 4426 compendia
318 4333 442 4405 scribo.
490 4333 665 4423 Significat
688 4345 821 4404 autem:
