3092 5134
543 518 769 587 ..13-

64 711 201 784 linitam
230 715 464 784 anarratione
495 714 692 803 seiungunt.
739 715 812 782 Iam
842 713 879 782 in
910 710 1052 783 duobus
1082 711 1240 783 versibus

64 820 225 902 noviciis,
250 821 312 910 qui
335 822 372 890 in
395 817 513 891 Iliadis
537 818 683 890 exordio
708 830 858 891 exstant:

111 937 148 993 A
171 929 235 998 22:
261 927 339 995 ἕνθ’
362 925 460 994 ἄλλοι
482 933 545 1013 μὲν
568 929 694 1006 πάντες
716 928 957 1016 ἐπευφήμησαν
980 927 1112 1013 Ἀχαιοί

111 1044 148 1100 A
171 1037 235 1106 92:
260 1044 317 1101 κἀῐ
340 1037 417 1102 τότε
440 1035 481 1124 δή
506 1037 658 1124 θάρσησε
681 1044 738 1100 καὶ
761 1031 852 1123 ηὔδα
875 1037 996 1120 μάντις
1020 1034 1163 1121 ἀμύμων
1173 1035 1202 1121 ¹)

64 1140 297 1214 admittuntur
320 1141 484 1213 adverbia
508 1141 597 1209 ἔνθα
615 1153 648 1212 et
663 1151 721 1208 καὶ
736 1143 822 1208 τότε.
864 1144 1029 1231 Quorum
1048 1141 1241 1232 frequentia

65 1249 177 1344 magis
201 1251 380 1340 magisque
406 1251 523 1321 crescit
545 1274 618 1319 non
640 1260 711 1320 tam
734 1247 829 1337 apud
851 1250 968 1337 epicos
991 1261 1111 1338 poetas
1136 1274 1241 1339 quam

65 1355 163 1444 apud
188 1357 374 1445 prosaicos,
397 1358 434 1427 in
458 1382 610 1446 quorum
633 1354 799 1444 operibus
829 1355 993 1427 adverbia
1016 1355 1124 1435 εὔθΰς
1153 1358 1240 1434 τότε,

65 1473 124 1528 καὶ
156 1463 325 1541 ἐνταῦθα,
356 1464 393 1531 ἒν
422 1465 538 1554 τούτῳ,
569 1472 626 1529 καὶ
662 1454 769 1541 αὖθις
799 1465 897 1549 ταχύ,
928 1464 1086 1531 ἐνταῦθα
1116 1475 1241 1550 μέντοι,

66 1571 159 1636 aicta
184 1571 259 1640 sim.
284 1572 464 1641 sescenties
488 1581 632 1641 exstant.
680 1573 777 1641 Haec
801 1568 1060 1651 adumbravisse
1083 1569 1242 1642 sufficiat.

158 1692 256 1764 Idem
279 1693 370 1766 valet
392 1693 437 1765 de
461 1693 637 1776 formulis,
671 1693 801 1784 quibus
830 1694 925 1783 apud
950 1698 1146 1766 Homerum
1169 1721 1242 1766 oras

66 1803 180 1872 tiones
203 1801 433 1883 inducuntur,
466 1801 528 1873 ubi
559 1800 604 1873 ad
634 1800 692 1872 illa
723 1828 813 1891 quae
837 1827 941 1890 supra
963 1804 1161 1874 enumeravi
1183 1801 1242 1873 ads

67 1906 186 1979 verbia
209 1907 377 1979 accedunt
400 1911 501 1980 etiam
523 1909 620 1980 talia:
643 1911 730 1986 τότε,
754 1918 812 1974 καῖ
834 1910 921 1986 τότε,
945 1919 1003 1975 καὶ
1025 1911 1102 1976 τότε
1122 1911 1174 1997 δή,
1200 1911 1241 1997 δή

66 2017 154 2094 τότε,
180 2014 280 2094 ἔνθα,
307 2017 348 2104 δή
371 2018 442 2083 τότ’
466 2014 594 2094 ἔπειτα,
627 2017 669 2104 δή
693 2020 736 2105 ῥα
760 2017 837 2082 τότε
862 2027 923 2086 etc.
971 2018 1135 2105 Quorum
1159 2042 1243 2086 usus

68 2133 189 2211 postea
205 2124 241 2192 in
257 2148 359 2212 prosa
376 2125 531 2195 oratione
552 2121 597 2194 ad
613 2148 784 2193 summam
800 2121 1029 2212 frequentiam
1045 2133 1166 2194 auctus
1182 2134 1242 2193 est.

159 2233 256 2301 Haec
279 2233 316 2301 in
338 2233 538 2303 universum
561 2229 841 2302 animadvertisse
864 2229 1022 2301 sufficiat.

160 2335 226 2408 Sed
251 2349 434 2410 occurrunt
458 2340 560 2409 etiam
581 2336 665 2408 tales
688 2336 757 2408 loci
781 2349 820 2408 ut
843 2340 875 2407 K
901 2338 988 2408 540:
1088 2347 1091 2355 '

216 2441 309 2512 οὔπω
335 2450 407 2513 πᾶν
431 2448 538 2534 εἴρητο
562 2443 651 2523 ἔπος,
677 2441 726 2510 lr'r'
750 2442 806 2536 ἄρ’
828 2442 959 2534 ἤλυθον
983 2443 1089 2511 αὐτοί.

70 2551 176 2621 Hisce
199 2549 411 2623 traducimur
433 2550 477 2623 ad
502 2551 640 2623 alteram
664 2553 904 2642 quaestionem
935 2578 1025 2641 quae
1053 2549 1137 2623 fuit:
1170 2577 1243 2641 quo

68 2656 178 2728 modo
209 2661 377 2748 exprimat
407 2671 510 2748 poeta
541 2686 597 2740 ea,
633 2685 722 2749 quae
754 2658 932 2740 accidunt,
966 2657 1068 2729 dum
1098 2657 1244 2730 habetur

70 2766 190 2836 oratio.
237 2767 315 2836 Fuit
337 2764 374 2835 id
398 2792 478 2837 sane
502 2764 661 2836 difficilel
710 2768 806 2837 Nam
828 2777 932 2855 poeta
962 2792 1035 2837 non
1066 2777 1106 2836 ut
1133 2767 1244 2854 pictor

70 2897 118 2953 ea,
151 2899 240 2962 quae
264 2870 389 2943 eodem
418 2885 573 2962 tempore
598 2873 697 2954 liunt,
728 2873 862 2944 simul
894 2899 1088 2962 proponere
1119 2883 1243 2962 potest.

69 2979 351 3060 Meminerimus,
384 3005 457 3069 quo
490 2978 599 3050 modo
631 2991 806 3051 construat
828 2991 937 3052 totam
968 3005 1066 3050 suam
1090 2977 1244 3050 fabulam

72 3088 259 3157 Homerus.
299 3085 506 3177 Plerumque
527 3113 577 3167 ea,
602 3113 691 3176 quae
715 3085 841 3157 eodem
864 3098 1019 3175 tempore
1042 3085 1142 3167 fiunt,
1166 3087 1244 3157 sim*

72 3190 202 3280 pliciter
233 3205 344 3264 narrat
375 3195 474 3283 quasi
503 3192 666 3282 deinceps
697 3205 904 3284 sequantur,
936 3195 1002 3264 nisi
1034 3192 1134 3284 quod
1157 3218 1243 3263 nona

72 3299 175 3370 nullis
206 3326 286 3370 sane
316 3300 402 3372 locis
425 3302 653 3371 necessarium
685 3303 820 3389 putavit
833 3380 835 3383 ¹
849 3326 915 3371 nos
946 3302 1105 3371 certiores
1136 3298 1244 3371 Iacere

72 3432 106 3476 se
138 3405 182 3478 ad
214 3409 327 3495 priora
357 3433 511 3497 gressum
542 3407 664 3478 referre
697 3419 730 3478 et
760 3433 981 3497 compensare
1016 3409 1244 3479 narrationem

71 3515 245 3585 mentione
276 3540 407 3595 rerum,
439 3541 528 3605 quae
560 3514 684 3586 eodem
714 3526 869 3604 tempore
901 3514 984 3586 alibi
1016 3526 1108 3586 actae
1139 3526 1243 3586 erant.

73 3619 240 3691 Zielinski
277 3619 459 3710 diligenter
496 3633 605 3692 totam
637 3622 724 3693 hanc
755 3648 827 3692 rem
857 3620 1039 3693 illustravit
1069 3623 1105 3691 in
1130 3619 1245 3691 Philo

73 3726 144 3816 logi
174 3726 288 3816 suppl.
313 3731 401 3798 VIII
434 3754 490 3819 pg.
514 3731 586 3799 437
611 3755 707 3819 seqq.
761 3730 930 3801 Accurate
962 3726 1112 3799 eundem
1143 3753 1245 3798 usum

72 3836 228 3924 sequitur
252 3837 429 3906 Homerus
452 3837 488 3905 in
512 3834 806 3906 conclusionibus.
855 3838 951 3906 Nam
973 3832 1030 3916 ea,
1063 3861 1152 3925 quae
1176 3836 1246 3925 agit

72 3943 111 4022 is,
134 3939 178 4012 ad
202 3967 308 4031 quem
330 3941 435 4014 verba
458 3942 558 4024 fiunt,
588 3940 674 4012 dum
697 3941 855 4032 loquitur
877 3941 975 4024 alter,
1006 3943 1246 4030 exprimuntur

73 4049 217 4129 aoristo,
248 4051 348 4138 quasi
377 4048 465 4121 facta
493 4051 561 4120 sint
592 4061 695 4138 post
726 4052 928 4122 orationem.
980 4052 1099 4139 Quam
1129 4051 1246 4121 aoristi

73 4153 218 4226 formam
241 4154 304 4225 ubi
326 4158 427 4245 ponit
450 4168 570 4245 poeta,
602 4156 702 4245 plane
733 4155 862 4229 recedit
891 4155 936 4227 ad
958 4168 1096 4246 tempus
1133 4167 1245 4227 actum

163 4369 189 4439 l)
208 4367 241 4426 cf.
261 4373 345 4427 etiam
364 4366 463 4440 hymn.
483 4373 514 4426 in
533 4372 619 4427 Merc.
641 4373 702 4427 521.
