3092 5134
535 1404 817 1516 Praefatio,
884 1507 888 1515 ,

176 1675 256 1744 Viri
279 1672 375 1744 docti
398 1674 532 1764 antiqui
555 1674 618 1743 tria
640 1699 764 1762 genera
780 1675 896 1762 poesis
912 1672 1168 1744 discernebant:
1193 1677 1260 1763 pris

84 1805 183 1850 mum
207 1791 300 1863 γένος
324 1781 502 1878 μιμητικόν
525 1781 597 1850 sive
621 1781 848 1868 ὄραματικόν,
876 1778 1004 1850 deinde
1034 1791 1127 1863 γένος
1153 1782 1260 1870 διηγη-

83 1889 232 1972 ματικόν
247 1887 303 1958 vel
320 1885 579 1970 ἅπαγγελτικόν,
604 1885 734 1977 quibus
752 1885 895 1957 duobus
912 1886 1107 1958 inserebant
1122 1889 1260 1958 tertium

84 2021 196 2083 genus
221 2021 263 2064 ex
279 1997 392 2084 primo
417 2005 450 2064 et
472 1995 578 2065 altero
602 1997 760 2076 mixtum,
785 1993 885 2084 quod
901 1993 1150 2084 nuncupabant
1165 2007 1258 2077 γένος

85 2103 207 2187 μικτόν
242 2101 297 2173 vel
331 2103 453 2169 κοινόν,
514 2105 556 2172 Et
592 2104 649 2173 isti
683 2104 800 2191 generi
839 2104 948 2172 mixto
988 2101 1261 2173 adnumerabant

87 2211 237 2279 Homeri
260 2211 418 2290 carmina,
443 2207 542 2299 quod
565 2211 602 2279 in
620 2195 667 2279 iis'
678 2208 804 2296 heroes
815 2234 889 2278 non
906 2210 1021 2279 minus
1037 2235 1138 2298 saepe
1155 2208 1260 2280 verba

85 2314 218 2387 faciunt
242 2341 347 2406 quam
370 2313 493 2387 auctor
511 2318 595 2405 ipse.
641 2316 762 2407 Atque
776 2314 946 2405 profecto
972 2318 1119 2385 Homeri
1149 2343 1258 2405 genus

85 2421 227 2494 dicendi
257 2448 331 2493 non
359 2448 436 2493 raro
468 2425 639 2493 scaenicae
670 2421 816 2494 dictioni
846 2424 1046 2512 proximum
1076 2434 1136 2493 est.
1192 2423 1259 2495 Sed

85 2532 255 2619 quoniam
270 2541 373 2619 poeta
397 2532 515 2619 epicus
530 2555 604 2599 non
628 2541 667 2599 ut
690 2528 887 2623 fabularum
911 2531 1055 2618 scriptor
1078 2531 1115 2599 in
1138 2555 1258 2601 scaena
1327 2538 1329 2542 ’

84 2662 251 2725 personas
274 2637 457 2727 loquentes
481 2636 571 2718 facit,
603 2638 779 2707 sententiis
812 2634 1026 2726 quibusdam
1050 2639 1259 2726 coniungere

84 2741 191 2814 debet
233 2746 405 2815 orationes
448 2769 674 2834 personarum
718 2755 830 2833 partes
874 2745 1049 2832 agentium
1091 2745 1178 2814 inter
1222 2770 1257 2814 se

85 2861 117 2920 et
142 2877 221 2921 cum
244 2853 447 2922 narrationis
471 2862 636 2922 contextu
658 2849 835 2940 nobisque
858 2849 1020 2932 indicare,
1051 2853 1130 2940 quis
1153 2849 1258 2922 verba
1309 2877 1314 2886 ’

84 2955 237 3028 facturus
261 2960 304 3029 sit
326 2957 381 3029 vel
405 2957 530 3029 fecerit.

174 3067 270 3135 Nam
301 3064 517 3136 orationibus
548 3064 686 3136 directis
717 3066 920 3136 narrationis
944 3091 1096 3154 aequum
1120 3090 1258 3135 cursum

83 3171 214 3242 turbari
235 3184 271 3242 et
293 3174 495 3261 interrumpi
511 3174 579 3242 iam
595 3173 856 3262 antiquissimus
872 3170 929 3242 ille
945 3183 1126 3261 poetarum
1142 3174 1256 3243 sensit.

86 3279 138 3349 Sic
155 3290 248 3349 ortae
266 3291 346 3349 sunt
361 3279 438 3349 illae
455 3278 641 3350 formulae:
658 3279 720 3346 cdv
736 3280 767 3345 d’
784 3278 931 3367 ἠμείβετ’
943 3277 1071 3355 ἔπειτα,
1089 3277 1131 3357 ὃς
1150 3277 1256 3364 ἔφατ’,
1291 3283 1293 3287 ’

84 3387 119 3450 οἳ
138 3387 170 3452 δ’
194 3383 261 3474 ἄρα
287 3387 412 3464 πάντες
438 3392 505 3452 ...⁴
523 3397 557 3456 et
580 3387 667 3467 sim„
692 3411 782 3476 quae
807 3389 965 3456 Homero
989 3398 1022 3456 et
1045 3388 1107 3456 arti
1130 3388 1256 3475 epicae,

85 3517 174 3580 quae
198 3518 278 3562 eum
301 3495 468 3584 sequitur,
490 3504 561 3563 tam
584 3492 773 3582 peculiares
797 3505 888 3574 sunt,
919 3504 958 3563 ut
985 3494 1057 3579 sine
1081 3491 1134 3562 his
1159 3518 1256 3564 ornae

84 3601 206 3670 mentis
244 3602 439 3670 Homerum
470 3611 627 3670 nostrum
658 3602 717 3671 vix
749 3602 898 3689 cogitare
929 3601 1114 3689 possimus.
1170 3600 1256 3670 Sane

8 3715 28 3738 ⁸
85 3717 186 3792 poeta
210 3705 311 3777 valde
342 3705 379 3776 id
403 3705 549 3788 affectat,
582 3717 621 3776 ut
652 3705 811 3776 formulis
835 3703 1082 3776 inducentibus
1113 3718 1146 3776 et
1176 3731 1256 3777 cona

85 3811 305 3884 cludentibus
333 3815 432 3902 quasi
462 3811 628 3883 rotundet
651 3815 824 3884 orationes
849 3824 882 3883 et
911 3811 1151 3901 circumplicet,
1175 3838 1255 3883 nam

84 3921 185 3990 etiam
213 3921 386 3990 orationes
409 3919 583 4010 obliquas,
616 3947 702 4010 quas
734 3946 814 4009 prae
846 3920 983 3990 directis
1016 3944 1150 4008 semper
1181 3917 1255 3989 brea
1315 3933 1318 3939 '
1357 3954 1359 3957 ·

84 4027 238 4097 vissimas
262 4051 334 4097 esse
358 4040 392 4098 et
416 4054 502 4117 quas
526 4053 627 4117 saepe
651 4029 688 4098 in
712 4030 904 4099 orationem
927 4025 1091 4098 directam
1114 4029 1254 4098 transire
1291 4083 1296 4108 ,

84 4158 193 4223 nuper
223 4133 472 4205 demonstravit
500 4134 630 4205 Rehme
655 4173 688 4184 -
717 4134 760 4206 cf.
784 4133 872 4205 infra
895 4160 954 4223 pg.
982 4135 1026 4204 10
1049 4173 1102 4216 -,
1134 4133 1255 4204 eadem
1355 4176 1357 4178 v

84 4237 151 4311 fere
181 4243 313 4312 ratione
345 4241 642 4331 circumplectitur.
696 4243 863 4332 Denique
895 4241 1121 4313 observamus
1152 4242 1255 4312 etiam

84 4372 245 4435 personas
261 4350 364 4438 ipsas,
382 4375 468 4439 quas
482 4361 600 4421 auctor
612 4348 712 4437 fingit
724 4347 887 4430 dicentes,
904 4351 940 4419 in
953 4351 1024 4419 suis
1037 4346 1254 4419 orationibus

1080 4476 1092 4530 l
