3092 5134
772 499 994 568 ,32-

296 692 452 764 Thersite
461 695 506 779 1),
546 695 608 783 qui
643 720 760 765 versus
796 695 898 764 etiam
936 704 1117 782 propterea
1159 691 1291 783 vulgari
1326 692 1470 763 dictioni

295 812 480 890 repugnat,
513 799 612 890 quod
644 800 785 871 additur
814 799 1008 871 subiectum
1038 799 1061 888 ἤ
1092 801 1237 887 πληθύς.
1298 802 1468 870 Praeterea

296 935 307 970 ι
333 906 461 993 500;¹)
485 935 509 993 μ
537 909 621 1010 1923
645 936 667 993 φ
694 909 764 978 366
791 907 876 993 (loci
899 909 1023 996 partim
1045 908 1211 993 insiticii).

385 1011 429 1092 ὥς
451 1015 522 1100 φοίν
546 1025 655 1085 exstat
684 1040 758 1084 non
781 1015 847 1101 nisi
878 1015 914 1084 in
937 1013 1115 1102 Odyssea:
1146 1019 1170 1093 β
1195 1014 1264 1085 337
1289 1024 1322 1084 et
1343 1041 1363 1102 η
1389 1015 1469 1083 343.

385 1143 502 1211 Restat
539 1151 577 1210 ut
611 1165 752 1230 agamus
787 1139 831 1210 de
866 1138 1025 1209 formulis
1056 1137 1100 1217 uic
1130 1136 1216 1228 (ἄρ’)
1249 1137 1335 1224 ἔφαν
1367 1149 1399 1208 et
1425 1136 1469 1216 dic

291 1245 435 1332 ’ἔφασαν

385 1374 518 1448 Omnes
542 1397 671 1452 versus,
698 1374 735 1442 in
758 1370 889 1461 quibus
913 1370 1105 1442 admittitur
1127 1369 1171 1448 ιῗλς
1193 1367 1280 1459 (ἄρ’)
1303 1368 1399 1454 ἔφαν,
1422 1371 1470 1440 ita

295 1503 330 1548 se
354 1476 494 1559 habent,
512 1475 557 1549 ¹ut
580 1478 624 1549 de
649 1504 765 1549 earum
785 1504 858 1549 sera
874 1489 981 1549 aetate
997 1479 1057 1548 vix
1073 1479 1261 1567 quisquam
1276 1477 1471 1548 inveniatur

295 1585 357 1673 qui
379 1583 498 1675 litiget.
547 1587 604 1656 Bis
629 1611 704 1656 eam
727 1584 889 1656 adhibuit
911 1583 991 1655 libri
1013 1592 1044 1650 Γ
1063 1582 1288 1673 interpolator

240 1713 243 1718 ·
295 1698 323 1756 Γ
348 1693 433 1762 161:
458 1690 502 1771 dic
526 1690 580 1780 ἄρ’
605 1692 700 1778 ἔφαν,
724 1700 875 1783 Πρίαμος
900 1693 930 1758 d'
946 1690 1077 1779 Ἑλένην
1098 1693 1301 1777 ἐκαλέσσατο
1324 1695 1417 1787 φωνῇ

294 1805 323 1863 Γ
344 1799 431 1888 324:
457 1798 499 1878 ric
524 1797 578 1885 ἄρ’
602 1799 698 1885 ἔφαν,
724 1802 855 1867 ποέλλεν
880 1800 917 1865 δὲ
939 1810 1044 1884 μένας
1067 1800 1286 1888 κορυθαίολος
1300 1796 1422 1885 Ἕκτωρ

383 1927 490 1995 Porro
514 1935 638 1996 exstat:

293 2037 328 2096 H
353 2032 437 2102 181:
463 2029 506 2110 ὃς
530 2029 585 2119 ἄρ’
610 2031 705 2124 ἔφαν,
730 2034 862 2109 πάλλεν
886 2033 924 2098 δὲ
946 2033 1102 2121 Γερήνιος
1125 2033 1259 2098 ἱππότα
1283 2039 1427 2118 Νέστωρ,

293 2145 328 2203 H
350 2140 438 2209 206:
464 2137 507 2217 dig
530 2136 586 2228 ἄρ’
611 2138 707 2224 ἔφαν,
732 2143 822 2217 Αἴας
847 2141 884 2206 δὲ
906 2141 1079 2229 κορύσσετο
1103 2141 1229 2228 νώροπι
1253 2140 1375 2226 χαλκῷ.

400 2244 459 2332 (cf.
485 2244 575 2316 Rob.
600 2271 656 2336 pg.
678 2248 745 2316 169
764 2248 880 2336 seqq.)

383 2373 525 2460 Saepius
549 2371 741 2442 admittitur
763 2360 1002 2460 in'Odyssea:

292 2479 398 2549 1413
435 2479 526 2565 (ie.
561 2479 598 2549 in
633 2481 780 2550 carmine
815 2477 859 2550 de
895 2462 1130 2572 Polyplremo;
1170 2477 1316 2549 adicitur
1351 2479 1471 2567 partic.

398 2583 585 2664 οἷπιόννος).

291 2719 309 2781 ρ
332 2694 403 2763 488
430 2694 490 2779 (·-
513 2721 536 2779 φ
560 2689 658 2778 404)
675 2695 811 2780 (versus
834 2692 935 2764 valde
960 2695 1126 2783 suspecti)

292 2821 312 2864 σ
334 2800 379 2869 75
404 2811 437 2870 et
464 2800 531 2870 117
556 2799 692 2887 (Uliaris
715 2825 794 2870 cum
818 2804 874 2871 lro
898 2799 1096 2890 pugilatio).

380 2923 478 2995 Idem
511 2923 597 3009 ἔφαν
628 2926 755 2995 omissa
786 2924 952 3014 particula
975 2922 1043 3015 ἄρα
1077 2924 1144 2996 sibi
1176 2928 1343 2996 concessit
1372 2925 1472 2998 idem

290 3028 369 3101 libri
392 3039 423 3097 Γ
444 3030 668 3119 interpolator
691 3033 727 3101 in
751 3059 783 3102 v.
807 3039 838 3097 Γ
859 3033 929 3103 302
954 3031 1062 3119 (Rob.
1086 3058 1144 3122 pg.
1168 3034 1257 3118 207)
1289 3044 1370 3121 post
1392 3058 1472 3104 oras

172 3197 176 3204 .
290 3139 421 3209 tionem
445 3137 620 3209 »fictamrr

337 3335 339 3340 Ι
450 3243 493 3323 ολς
517 3243 613 3330 ἔφαν,
638 3242 678 3312 or'i
702 3246 733 3311 δ’
756 3243 826 3341 ἄρα
851 3247 905 3312 πιί
929 3268 1006 3332 σφιν
1031 3247 1247 3333 ἐπεκραίαινε
1271 3254 1422 3336 Κρονίων

290 3352 327 3423 id
351 3352 450 3442 quod
474 3351 649 3443 analogias
679 3351 785 3423 habet
815 3354 851 3422 in
872 3353 976 3435 locis,
1008 3355 1070 3442 qui
1102 3355 1169 3442 ipsi
1200 3365 1344 3424 aetatem
1367 3380 1473 3426 suam

289 3457 459 3530 indicant:
962 3552 964 3555 Ι

291 3591 321 3650 Κ
343 3586 413 3655 295
424 3615 432 3655 :
456 3584 602 3656 adicitur
625 3587 843 3674 participium
865 3585 1040 3672 εὐχόμενοι
1075 3584 1134 3673 (cf.
1159 3588 1261 3657 etiam
1285 3611 1357 3676 cap.
1374 3589 1473 3674 VI);

368 3719 370 3729 ¹
395 3693 432 3762 in
456 3690 635 3780 Odyssea:

380 3906 407 3977 1)
426 3905 558 3964 Dubium
586 3916 639 3975 est,
668 3907 740 3979 quid
766 3931 782 3960 κ
805 3910 840 3965 67
868 3907 1038 3981 ponendum
1066 3913 1116 3974 sit,
1155 3928 1258 3981 nempe
1286 3905 1372 3965 altera
1401 3926 1476 3978 pars

288 3993 427 4053 librorum
455 4015 544 4054 manu
571 4002 740 4069 scriptorum
769 3995 887 4069 praebet
913 4003 990 4069 ἔφαν,
1019 3995 1105 4054 altera
1123 3998 1216 4069 φάσαν.
1252 3994 1393 4054 Titubant
1411 4002 1477 4055 viri

288 4083 374 4154 docti,
394 4085 465 4157 quid
484 4084 702 4158 praeferendum
728 4091 777 4153 sit,
807 4086 888 4158 quod
915 4094 1035 4158 utraque
1054 4086 1139 4144 lectio
1159 4085 1280 4158 quadrat
1298 4091 1329 4142 in
1348 4105 1477 4144 sensum

288 4182 316 4231 et
333 4194 398 4231 suas
417 4174 562 4247 analogias
587 4174 681 4234 habet.
720 4177 779 4248 Ego
798 4176 984 4248 praecedente
1003 4175 1180 4234 Ludwichio-
1198 4174 1317 4233 scribam
1345 4173 1377 4236 ὣς
1394 4180 1477 4246 ἔφαν,

287 4262 369 4335 quod
395 4270 478 4323 etiam
505 4267 589 4322 2422
615 4273 643 4322 et
659 4261 712 4322 475
740 4269 861 4337 ponitur
887 4275 915 4324 et
943 4274 1045 4338 poetae
1068 4264 1203 4323 familiare
1229 4264 1315 4322 fuisse
1338 4262 1478 4324 videtur.

287 4357 327 4412 At
345 4364 441 4413 tamen
459 4354 496 4412 ad
515 4364 622 4412 certum
640 4354 727 4412 linem
747 4354 817 4412 haec
836 4361 965 4427 quaestio
985 4361 1033 4413 vix
1051 4355 1157 4413 deduci
1175 4365 1278 4428 potest.
