3092 5134
577 462 799 531 ..71-

105 642 244 737 Ἀχάτοί,
270 678 343 741 quo
367 679 446 723 suas
469 655 618 724 rationes
642 654 806 724 infirmari
830 665 938 743 putat,
961 654 1108 726 vocibus
1126 654 1278 744 ἀριστῆες

104 766 327 843 Παναχαίων,
359 771 392 830 et
414 768 450 825 A
477 761 519 830 18
543 759 624 846 ύμῖν
650 768 712 846 μὲν
742 768 823 827 θεοί
850 772 967 832 contra
998 760 1166 832 librorum
1197 787 1277 832 mSS.

105 891 313 936 consensum
336 877 445 937 mutat
468 868 505 937 in
531 864 616 952 ὔμμι
647 875 723 933 θεοὶ
754 878 827 952 μέν,
859 878 963 957 atque
995 866 1116 939 eadem
1146 869 1277 939 ratione

105 974 277 1061 oppressit
300 981 335 1038 A
363 975 405 1043 19
436 975 637 1063 scripturam
664 965 704 1041 εὖ
728 975 758 1041 d'
790 975 898 1041 olxdd’
922 980 1068 1041 ἱκέσθαι.
1117 977 1184 1045 His
1216 974 1278 1046 ob·

106 1078 360 1150 servationibus
376 1106 492 1150 meum
507 1080 677 1151 iudicium
688 1079 791 1151 valde
808 1081 934 1151 firmari
950 1080 1088 1171 liquido
1102 1082 1277 1168 constat.²)

106 1189 290 1256 Recentem
306 1188 527 1257 artem'etiam
539 1213 598 1257 eae
611 1185 791 1269 formulae,
808 1187 938 1277 quibus
956 1213 1004 1258 or.
1022 1187 1085 1259 dir.
1099 1198 1134 1254 A
1147 1190 1277 1261 25—32

100 1303 141 1370 et
163 1300 199 1357 A
224 1293 354 1362 36-42
378 1292 705 1375 circumcluduntur,
729 1283 809 1384 piae
834 1321 869 1365 se
893 1294 1023 1375 ferunt;
1048 1322 1076 1367 e.
1100 1322 1133 1386 g.

192 1415 269 1487 Ind.
305 1426 340 1482 A
375 1419 438 1488 25:
564 1420 725 1508 κρατερόν
760 1422 792 1485 d'
826 1420 883 1487 ἐπὶ
925 1425 1039 1505 μῦθον
1075 1419 1204 1487 ἔτελλεν
1234 1421 1276 1492 al.

104 1548 238 1621 semper
260 1525 297 1593 in
320 1550 384 1595 rec.
410 1524 629 1596 carminibus.

192 1646 268 1718 Ind.
281 1657 317 1714 A
330 1650 456 1734 3556:
476 1650 586 1717 πολλά
601 1652 633 1716 d'
646 1649 750 1716 ἔπειτ’
763 1704 769 1716 .
783 1704 807 1716 ..
827 1648 949 1738 ἠρᾶθ’
968 1650 986 1716 o’
999 1652 1133 1739 γεραιός
1151 1704 1193 1717 ...
1212 1678 1276 1723 rec.

193 1772 317 1844 Concl.
341 1782 377 1839 A
399 1775 464 1844 43:
490 1772 533 1852 uic
557 1773 653 1860 ἔφατ’
676 1773 923 1861 εὐχόμενος.

194 1897 271 1969 Ind.
295 1907 330 1964 A
354 1900 418 1969 58:
453 1908 546 1965 Τοῖσι
574 1902 605 1966 d'
637 1899 858 1985 οἷνιστάμτνος
880 1912 1024 1988 μετέφη
1043 1955 1049 1968 .
1126 1904 1185 1973 vix
1209 1914 1276 1973 vet.

103 2004 146 2074 cf.
172 2030 244 2094 cap.
267 2006 379 2091 xssa)

192 2132 232 2199 In
257 2128 364 2199 conci.
389 2139 424 2195 A
448 2131 537 2200 245:
569 2128 613 2209 ὥς
636 2132 724 2216 φάτο
747 2132 912 2219 Πηλεΐδης
943 2134 1023 2203 satis
1055 2134 1276 2222 perspicuum

105 2246 166 2316 est,
191 2262 296 2325 quare
321 2234 482 2307 adiecerit
504 2248 607 2326 poeta
630 2263 759 2307 nomen
781 2237 940 2319 Achillis,
965 2264 1043 2310 cum
1068 2250 1225 2329 opponat
1246 2242 1277 2310 ei

101 2341 246 2413 alterum
281 2341 421 2413 heroem
451 2345 661 2425 irascentem,
691 2345 1013 2434 Agamemenonem
1045 2345 1104 2433 (cf.
1129 2355 1164 2411 A
1187 2348 1276 2420 247:

100 2448 264 2538 Ἀτρεΐδης
289 2451 329 2516 ὄ”
342 2454 510 2539 ἑτέρωθεν
532 2452 670 2539 ἐμήνιε).

192 2593 291 2681 Susp.
315 2594 352 2662 in
375 2592 444 2663 fine
468 2595 641 2664 contionis
665 2593 755 2665 duae
780 2593 966 2667 formulae:

191 2725 226 2782 A
249 2718 338 2787 292:
361 2718 423 2784 cdv
447 2718 478 2784 δ’
501 2715 557 2807 ἄρ’
579 2717 778 2806 ὑποβλήδην
798 2718 952 2807 ἠμείβετο
970 2775 977 2790 .
996 2774 1028 2797 .,

24 2863 27 2867 ·
98 2867 181 2912 nam
215 2843 251 2927 l)
283 2840 361 2913 adv.
393 2841 592 2930 ὑποβλήδην
628 2845 749 2930 (»eum
783 2843 1043 2934 interpellans«)
1079 2872 1159 2917 sane
1195 2848 1275 2917 satis

100 2946 229 3018 cultam
252 2960 359 3019 artem
381 2948 541 3020 narrandi
558 2948 676 3039 prodit
692 2961 725 3021 et
740 2950 785 3021 de
803 2975 924 3039 prosae
941 2952 1107 3022 orationis
1123 2951 1275 3024 dictione

99 3066 230 3125 monet.
278 3058 451 3126 Praeterea
483 3067 533 3126 est
559 3058 646 3146 sing.
670 3056 769 3137 dict.;
802 3058 876 3127 sim.
922 3066 952 3122 A
979 3060 1018 3127 6:
1051 3061 1276 3147 παραβλήδην

99 3162 238 3247 (recc.);
264 3163 400 3251 saepius
424 3161 519 3251 apud
543 3165 762 3252 posteriores.

192 3287 231 3371 2)
255 3284 408 3372 ἠμείβετο
431 3288 468 3357 in
492 3286 530 3358 11.
548 3286 590 3357 al.
606 3313 798 3377 nusquam;
810 3286 839 3374 3)
863 3299 897 3358 at
915 3289 983 3358 5ἰοιις
999 3294 1035 3385 in
1052 3238 1124 3360 od.
1143 3291 1172 3376 (ι
1190 3292 1274 3371 506;

98 3420 119 3458 κ
145 3393 209 3472 71;
233 3394 253 3457 λ
278 3393 341 3472 59;
365 3421 391 3479 μ
414 3395 503 3474 278;
529 3422 545 3458 o
568 3395 670 3480 485).
869 3422 871 3427 ·

190 3642 217 3711 l)
235 3639 408 3698 Adiutorem
427 3640 522 3699 habeo
542 3644 570 3699 P.
591 3644 693 3709 Cauer,
713 3649 764 3715 qui
783 3648 814 3700 in
834 3646 871 3700 N.
891 3642 989 3716 Jahrb.
1003 3642 1021 3701 f.
1036 3642 1063 3701 d.
1077 3643 1158 3701 klass.
1172 3645 1273 3703 Altert.

101 3733 178 3796 1902,
197 3750 243 3803 pg.
260 3733 296 3787 84
313 3735 374 3788 iure
394 3729 552 3788 Robertum
571 3736 722 3804 vituperat,
742 3731 825 3804 quod
844 3751 944 3790 vocem
964 3732 1025 3797 νηός
1044 3734 1081 3804 (A
1100 3735 1146 3804 39)
1164 3735 1274 3792 aeolico

98 3824 215 3877 carmini
228 3817 404 3885 adnumerat,
424 3829 451 3877 et
470 3824 520 3892 qui
540 3825 610 3877 iure·
619 3840 665 3893 pg.
679 3824 713 3878 87
726 3820 881 3887 concludit,
901 3819 977 3878 »dass
991 3819 1037 3879 die
1051 3820 1275 3882 herktimmliche

97 3907 229 3974 Ansicht,
248 3906 370 3965 wonach
390 3906 440 3966 der
468 3911 490 3965 1.
509 3910 625 3981 Gesang
649 3930 685 3966 zu
712 3907 770 3987 den
798 3908 1044 3982 ursprtinglichen,
1070 3910 1275 3983 von'onischen

96 3996 198 4054 Teilen
217 3994 267 4053 des
287 3998 363 4068 Epos
381 3996 491 4068 gehort,
511 3995 600 4055 falsch
619 4002 655 4055 ist
673 3996 736 4056 und
754 3995 933 4070 aufgegeben
952 3997 1068 4057 werden
1087 3998 1184 4057 muss«.

188 4103 218 4173 2)
236 4101 270 4160 cf.
290 4104 392 4170 Cauer,
412 4101 550 4162 Grundfr.
570 4124 616 4177 pg.
630 4107 695 4161 239:
714 4103 800 4162 Auch
820 4103 866 4163 die
887 4104 1082 4179 Erscheinung
1095 4105 1148 4165 der
1158 4106 1274 4165 Athene

97 4197 123 4243 A
144 4190 230 4250 198ff.
249 4197 341 4249 verrit
359 4191 419 4249 sich
438 4192 479 4250 als
497 4198 576 4264 spite
596 4192 799 4266 Erscheinung.
1146 4238 1148 4246 .

189 4298 218 4367 3)
236 4298 294 4355 scil.
314 4307 424 4371 praeter
441 4296 594 4357 formulam
613 4298 698 4358 fixam
716 4298 762 4353 τὸν
781 4304 806 4354 d
825 4300 940 4373 ἠμείβετ’
958 4304 1053 4357 ἔπειτα.
