3092 5134
559 514 784 582 ..31-

174 706 413 796 Amplilicavit
436 709 528 780 enim
551 720 671 779 auctor
693 707 879 780 formulam
902 707 1080 781 stabilem:

246 812 289 892 dic
313 817 348 880 οἳ
365 821 427 901 μὲν
450 819 591 882 τοιαῦτα
616 815 701 905 πρδς
724 814 890 903 άλλήλοος
914 815 1077 906 άγόρεοον

83 920 255 992 adiciens:

134 1028 169 1114 l)
195 1054 268 1117 quo
291 1027 371 1099 loco
394 1026 553 1099 habitum
576 1030 620 1099 sit
643 1027 840 1101 diverbium
863 1030 915 1107 (ἐν
930 1035 1019 1118 νηῶν
1037 1029 1177 1121 ἀγύρει).
1217 1030 1259 1102 cf.

191 1135 262 1223 Ap.
288 1133 402 1206 Rhod.
428 1139 443 1206 l
469 1137 540 1206 260
564 1147 625 1206 etc.

130 1241 169 1327 2)
194 1240 238 1312 ad
263 1266 457 1330 pronomen
481 1247 516 1309 ot*
535 1242 746 1315 subiectum:
769 1245 875 1334 μήτηρ
898 1272 934 1312 τε
957 1254 1015 1311 καὶ
1038 1246 1120 1324 υἱός.

131 1349 169 1433 3)
193 1372 257 1436 pro
282 1350 409 1420 usitato
432 1352 639 1438 pronomine
662 1355 805 1418 τοιαῦτα
829 1353 972 1440 ponitur
994 1353 1116 1429 πολλοὶ,
1141 1377 1260 1441 φυαωε

192 1481 298 1545 quarn
333 1467 479 1545 utraque
514 1482 660 1545 persona
695 1482 801 1529 unam
838 1469 972 1530 tantum
1011 1457 1260 1530 oratiunculam

191 1560 323 1634 habuit.
597 1658 600 1662 ρ

128 1670 169 1755 4)
192 1671 428 1758 transponitur
450 1669 539 1741 illud
564 1670 648 1738 ἔπεα
666 1674 850 1761 πτερόεντα
875 1699 917 1743 ex
940 1671 1215 1744 inductionibus.

175 1774 301 1846 Similis
325 1787 376 1847 est
398 1797 420 1843 σ
442 1778 570 1865 32s33:

244 1881 287 1961 (ὃς
311 1887 346 1949 ol*
362 1889 424 1969 μὲν
448 1887 665 1975 προπάροιθε
687 1887 831 1976 θνράοον
853 1885 1025 1976 άψηλάων

245 1989 347 2057 odelmi
369 1991 426 2057 ἐπὶ
453 1993 567 2067 ξεστοῦ
590 1993 827 2079 πανθυμαόδν
852 1992 1042 2082 ὀκριόωντο,

84 2095 146 2167 ubi
170 2097 395 2187 interpolator
424 2124 520 2170 more
551 2101 821 2171 novissimorum
851 2112 1032 2189 poetarum
1062 2125 1135 2170 non
1166 2099 1259 2182 dicit,

83 2203 171 2293 quid
195 2204 396 2278 dixerint
415 2205 686 2288 interlocutores,
709 2209 818 2277 immo
834 2233 927 2289 vero,
952 2206 1040 2297 quid
1056 2206 1259 2280 fecerint.

173 2314 269 2384 Haec
304 2312 479 2385 hactenus.
537 2314 715 2403 Apparere
754 2313 897 2385 conlido
935 2313 1028 2385 illam
1063 2340 1169 2404 quam
1203 2341 1259 2386 exs

81 2421 265 2507 posuimus
296 2423 463 2493 rationem
495 2420 634 2493 dicendi
666 2423 845 2493 recentiori
877 2420 1019 2492 demum
1050 2423 1113 2492 arti
1144 2423 1259 2510 epicae

81 2526 252 2615 originem
275 2526 412 2599 debere.

562 2837 688 2958 Cap.
715 2838 781 2935 V.
889 2937 890 2940 γ

150 3012 213 3079 De
237 2985 447 3081 formulis
470 3009 520 3089 (ὃς
545 3010 730 3097 ἔφασαν,
761 3011 812 3091 dic
834 3013 995 3097 φάσαν,
1020 3010 1070 3089 dc
1094 3008 1195 3100 (ἄρ’)

509 3117 634 3204 ἔφαν,
667 3116 719 3198 (ὃς
742 3120 837 3204 φάν.

171 3281 253 3369 Legi
287 3279 474 3368 respondet
508 3292 629 3369 poeta,
668 3279 730 3351 ubi
766 3306 871 3351 unam
905 3291 1040 3351 tantum
1074 3305 1255 3369 personam

80 3384 284 3474 loquentem
314 3385 404 3458 facit.
452 3385 516 3477 Egi
546 3413 650 3476 supra
674 3389 764 3476 (cap.
790 3389 841 3473 II)
872 3386 916 3457 de
940 3388 988 3458 eis
1020 3386 1152 3458 »fictis«
1184 3412 1257 3457 oras

80 3489 255 3574 tionibus,
287 3519 373 3582 quas
398 3506 517 3565 auctor
540 3493 803 3582 comprehendit
829 3493 988 3565 formulis
1012 3495 1100 3565 sicut
1121 3492 1164 3572 o‘ic
1188 3491 1256 3581 ἄρα

80 3625 130 3677 τις
153 3603 302 3682 εἴπεσκε,
332 3602 420 3671 inter
451 3626 537 3690 quas
570 3602 794 3673 inveniuntur
824 3603 926 3672 etiam
956 3599 1164 3681 nonnullae,
1196 3598 1257 3671 ubi

80 3717 200 3777 auctor
231 3707 425 3796 complures
456 3732 620 3796 personas
652 3707 835 3798 loquentes
867 3708 1057 3780 inducit-
1090 3705 1259 3778 accedunt

80 3812 269 3885 nonnullae
292 3813 377 3886 aliae
401 3840 473 3885 non
497 3814 639 3886 »fictae«
663 3854 707 3896 -,
732 3841 819 3905 quas
843 3840 1012 3886 summare
1044 3813 1133 3885 solet
1155 3826 1258 3903 poeta

79 3945 225 3991 numero
248 3920 373 4009 plurali
396 3923 513 3993 aoristi
532 3922 649 3993 activi:
675 3920 718 4000 o‘ic
735 3921 876 4008 ἔφασαν,
900 3921 943 4000 dc
958 3923 1085 4007 φάσαν,
1109 3919 1153 4000 dic
1170 3919 1256 4010 (ἄρ’)

80 4026 177 4113 ἔφαν,
202 4025 245 4106 dic
268 4030 348 4114 φάν.

169 4137 221 4206 Ex
244 4137 286 4206 iis
309 4137 435 4208 recenti
459 4137 584 4226 origini
607 4135 940 4218 attribuuntur”eae,
977 4161 1067 4226 quae
1090 4133 1257 4205 formulas

79 4253 267 4332 augmento
290 4253 439 4313 carentes
472 4241 516 4322 dc
538 4245 655 4330 φάσαν
686 4255 721 4316 et
743 4242 787 4322 dc
810 4245 880 4330 φάν
912 4241 1095 4323 exhibent;
1126 4243 1257 4313 invenis

80 4360 186 4419 untur
221 4350 313 4419 eninr
346 4348 400 4420 his
434 4348 537 4421 locis:
573 4349 616 4430 dc
647 4352 763 4437 φάσαν
804 4360 836 4416 Β
859 4351 929 4422 278
962 4347 1178 4438 (episodium
1212 4348 1257 4421 de
