3092 5134
583 545 624 558 ..
671 449 807 578 43*-

109 712 244 773 tantum
268 703 304 772 in
326 701 591 790 interpolatione
619 700 737 773 exstat.
778 701 845 773 Sed
869 701 913 773 de
937 700 1047 772 forma
1070 705 1117 786 ον’
1138 701 1282 789 proprio

110 810 221 897 capite
243 808 495 899 disputandum
518 811 591 882 erit.

572 1133 697 1255 Cap.
731 1135 823 1231 XI.

258 1309 322 1377 De
347 1305 489 1378 forma
512 1312 565 1395 φῆ
587 1309 631 1377 in
655 1306 952 1379 conclusione
977 1308 1135 1397 posita.

202 1473 264 1540 Per
286 1470 403 1539 omnia
426 1471 573 1540 carmina
590 1472 698 1540 Hom.
721 1467 905 1540 manifesto
929 1467 1131 1540 observatur
1154 1495 1192 1539 ea
1215 1468 1282 1548 lex,

110 1589 149 1648 ut
172 1600 306 1664 semper
336 1587 371 1646 et
392 1574 502 1646 forma
531 1568 554 1664 ἤ
581 1577 729 1647 orationi
760 1567 1019 1664 postponatur
1028 1575 1054 1656 ¹)
1085 1587 1118 1646 et
1141 1580 1188 1663 φῆ
1210 1601 1282 1645 non

109 1685 176 1755 nisi
201 1694 468 1773 praeponatur.
678 1690 680 1695 '

200 1788 434 1879 Excipiendus
465 1801 516 1860 est
546 1816 637 1860 unus
667 1789 764 1860 locus
784 1797 830 1855 'o
854 1790 921 1860 361
956 1791 1059 1875 (μάχη
1084 1793 1282 1878 παραποτά-

109 1909 217 1983 μιος).·
248 1903 295 1985 φῆ,
326 1906 404 1985 πυρὶ
436 1898 629 1982 καιόμενος,
665 1899 727 1986 qui
758 1922 832 1967 non
855 1922 981 1985 paucas
1004 1895 1226 1968 difficultates
1250 1909 1283 1968 et

110 2031 206 2076 curas
237 2015 355 2075 movet
386 2005 434 2085 ei,
467 2006 528 2093 qui
560 2003 720 2075 observat
751 2029 854 2074 usum
877 2002 1103 2074 formularum
1134 2009 1181 2091 φῆ
1204 1997 1283 2092 etv?

109 2111 204 2202 apud
239 2114 444 2182 Homerum.
504 2110 604 2200 Quid
639 2112 763 2181 mirum
803 2112 989 2191 exstitisse,
1025 2111 1086 2199 qui
1122 2110 1282 2182 codicum

109 2218 292 2290 lectionem
322 2216 574 2307 repudiandam
606 2229 639 2288 et
669 2222 716 2304 φῆ
738 2219 775 2287 in
798 2209 820 2304 ἤ
847 2215 1053 2288 mutandum
1085 2243 1157 2288 esse
1189 2244 1282 2308 praes

110 2349 255 2414 propere
279 2323 535 2395 confirmarent}
584 2322 651 2395 Sed
674 2350 717 2406 ne
741 2350 780 2394 ea
809 2322 952 2413 quidem
976 2325 1166 2395 mutatione
1189 2327 1283 2396 restis

109 2434 218 2504 tuitur
255 2432 466 2502 concinnitas
505 2429 685 2512 dictionis,
731 2456 812 2501 nam
850 2432 952 2502 etiam
997 2433 1026 2501 si
1065 2433 1282 2520 participium

6 2615 7 2618 ,
109 2538 268 2619 additur,
298 2549 412 2609 tamen
442 2536 527 2608 alibi
556 2563 690 2626 semper
719 2537 950 2626 particulata
983 2549 1062 2626 post
1084 2529 1107 2625 ἤ
1130 2540 1282 2627 ponitur.

110 2645 168 2718 Cf.
192 2646 334 2716 3475:
370 2637 442 2733 'it’
465 2636 505 2712 cai
534 2646 732 2728 γιγνώσκων.
782 2644 882 2734 Quid
905 2642 1034 2725 subsit,
1070 2646 1229 2733 aperitur,
1253 2647 1282 2715 si

108 2752 202 2823 illius
236 2751 367 2823 formae
397 2777 500 2822 usum
531 2777 591 2841 per
620 2763 817 2842 temporum
848 2777 986 2822 cursum
1026 2753 1281 2841 persequimur;

110 2885 359 2950 cognoscemus
405 2860 496 2929 enim
542 2858 634 2929 illius
677 2857 827 2948 episodii
864 2860 969 2946 (μάχη
1006 2860 1283 2947 παραποτάμιος)

109 2978 284 3037 auctorem
314 2990 407 3036 serae
430 2967 530 3037 aetati
553 2964 779 3036 tribuendum
804 2991 893 3046 csse3
925 2967 1088 3035 nimirum
1111 2967 1283 3055 respuitur

108 3073 167 3144 illa
174 3073 230 3143 lex
239 3074 275 3143 in
283 3074 383 3143 initio
393 3074 571 3162 proposita
579 3072 624 3143 ab
633 3074 809 3162 epigonis;
822 3072 947 3162 legitur
955 3074 991 3142 in
1000 3072 1119 3160 hymn.
1128 3074 1165 3142 in
1173 3076 1282 3144 Merc.

110 3182 199 3251 212:
223 3185 270 3268 φῆ
285 3184 314 3268 ῥ’
333 3179 351 3245 o‘
367 3191 490 3268 γέρων,·
513 3178 631 3267 hymn.
655 3182 692 3251 in
715 3182 795 3251 Cer.
823 3180 908 3250 145:
932 3185 979 3267 φῆ
994 3184 1037 3268 ῥα
1054 3182 1134 3247 θεοί.
1170 3180 1282 3270 Apud

111 3286 312 3358 Hesiodum
334 3289 507 3358 invenitur
528 3285 645 3377 theog.
671 3289 759 3358 550:
791 3292 838 3374 φῆ
860 3291 903 3375 ῥα
928 3288 1163 3376 δολοφρονέων,
1196 3289 1283 3376 quin

110 3395 212 3465 etiam
245 3395 316 3483 Ap.
347 3391 462 3464 Rhod.
494 3392 605 3483 legem
639 3395 795 3483 sequitur
826 3395 1033 3464 Homericae
1068 3393 1168 3484 plane
1203 3420 1283 3465 cons

108 3501 261 3572 trariam:
293 3523 464 3587 semper
494 3501 586 3570 enim
610 3495 802 3571 orationem
830 3499 1069 3590 complectitur
1092 3499 1202 3571 forma
1225 3506 1282 3589 φῆ,

109 3632 283 3696 nusquam
325 3605 435 3677 forma
476 3598 498 3694 ἧ
544 3633 694 3696 cumque
734 3608 959 3678 variationem
1001 3605 1212 3678 affectavisse
1246 3609 1283 3678 in

109 3713 295 3803 propatulo
320 3725 378 3784 est.
418 3712 550 3784 Videas
575 3717 625 3784 III
652 3715 738 3784 382:
762 3719 810 3800 φῆ
832 3715 1069 3802 χαλεψάμενος
1078 3744 1089 3794 ,·
1118 3716 1282 3785 111693:

109 3826 156 3908 φῆ
178 3821 357 3906 κασιγνήτη
367 3851 377 3901 ,·
409 3823 459 3890 III
486 3821 572 3890 718:
605 3825 651 3907 φῆ
675 3818 743 3908 ἄρα
768 3820 926 3903 (hiatus);
959 3819 1111 3909 denique
1136 3824 1186 3891 III
1215 3822 1283 3891 154

109 3929 210 4017 ponit
231 3925 362 3997 nudam
386 3925 532 3997 formam
555 3932 642 4015 orit).

204 4177 230 4248 l)
250 4179 371 4250 Ex'cepta
390 4176 447 4235 scil.
469 4175 592 4234 formula
611 4181 725 4235 novicia
744 4177 780 4238 ὥς
798 4178 843 4249 ἄρ’
860 4179 920 4248 ἔφη,
939 4175 976 4234 de
996 4196 1053 4248 qua
1066 4140 1106 4234 cf.
1126 4197 1186 4250 cap.
1204 4179 1240 4234 X.

200 4266 229 4337 2)
248 4269 373 4324 Fortasse
392 4286 454 4323 non
474 4287 539 4324 casu
558 4265 672 4333 accidit,
700 4265 781 4338 quod
801 4271 898 4324 omnia
923 4266 1085 4338 (quattuor)
1104 4266 1234 4339 exempla
1252 4271 1283 4323 in

110 4353 214 4413 eodem
233 4355 311 4412 libro
326 4360 411 4413 tertio
430 4363 554 4423 exstant;
574 4354 608 4413 cf.
629 4355 733 4414 Christ.
753 4355 818 4414 hist.
837 4356 890 4414 litt.
910 4358 980 4414 Gr.³
997 4377 1043 4429 pg.
1063 4357 1123 4413 533.
