3092 5134
734 496 959 564 ..44-

351 690 409 763 Cf.
442 692 544 762 etiam
567 690 703 761 Theocr
725 695 811 761 XIX
845 691 930 761 101:
961 694 1012 775 φοῖ
1042 702 1104 758 καί
1124 745 1157 760 ..
1196 687 1309 778 Apud
1330 687 1436 762 Callis

263 797 423 870 machum
455 803 502 885 φῆ
533 799 634 904 etiam
667 799 703 876 in
734 798 900 868 orationis
930 796 1132 868 inductione
1167 797 1357 876 invenitur;
1392 793 1437 866 cf.

264 910 313 976 III
339 907 403 976 29:
428 910 474 991 φῆ
498 906 536 971 δὲ
558 907 791 994 καταῤῥέζων,·
813 907 866 976 VI
890 905 956 974 45:

403 1016 453 1097 φοῖ
476 1013 514 1078 δὲ
538 1013 785 1100 παραψύχοισα
810 1011 917 1077 κακον
940 1019 997 1076 καὶ
1014 1008 1161 1077 οἷναιδέα
1186 1015 1292 1095 φῶτα·

263 1117 306 1190 cf.
324 1120 425 1189 etiam
437 1117 582 1189 Theocr.
601 1121 615 1187 I
635 1119 679 1187 77
697 1129 730 1188 et
745 1121 850 1188 XVII
868 1119 938 1188 65:
958 1118 1123 1206 Denique
1136 1119 1173 1186 in
1185 1115 1436 1206 praetereundo

263 1237 369 1315 tango
393 1227 466 1314 Qu.
492 1226 727 1312 Smyrnaeum,
750 1222 846 1313 apud
871 1248 976 1312 quem
1000 1226 1033 1292 II
1059 1224 1101 1292 81
1129 1220 1233 1293 codd.
1254 1220 1436 1293 exhibent:

264 1337 310 1419 φῆ
339 1342 425 1417 μέγα
457 1343 616 1408 νεικείων,
647 1329 710 1401 sed
733 1328 890 1417 Koechly
921 1331 957 1399 in
981 1327 1134 1401 editione
1161 1356 1223 1400 sua
1245 1321 1438 1415 restituite?

263 1437 300 1509 id
324 1437 423 1528 quod
448 1464 523 1509 mea
547 1436 692 1527 quidem
715 1438 883 1507 sententia
905 1437 979 1507 iure
1003 1434 1099 1516 fecit3
1123 1461 1247 1524 nempe
1274 1439 1347 1526 Qu.
1368 1438 1436 1507 Sm.

264 1545 347 1616 alibi
380 1547 453 1615 sine
484 1544 554 1615 ulla
586 1545 788 1634 exceptione
819 1544 927 1614 utitur
959 1534 1114 1630 fonnati
1145 1568 1223 1613 cum
1256 1544 1437 1632 participio

265 1655 460 1724 coniuncta:
509 1651 550 1723 cf.
576 1657 590 1723 I
616 1653 682 1722 198
707 1658 739 1736 (s
765 1655 814 1722 IX
836 1653 913 1734 23);
939 1655 953 1721 I
976 1653 1063 1731 741;
1089 1652 1249 1738 11111283
1275 1654 1328 1721 IV
1350 1652 1437 1731 533;

264 1764 300 1831 V
324 1762 405 1841 521,
429 1761 518 1839 612;
541 1762 593 1829 VI
620 1761 707 1838 30&
732 1762 803 1829 VII
828 1760 916 1837 287;
940 1761 1029 1830 VIII
1053 1759 1143 1837 443;
1167 1761 1252 1828 XIII
1278 1758 1359 1829 287.

355 1870 436 1938 Post
467 1891 546 1937 eum
576 1865 659 1936 haec
691 1865 802 1936 forma
832 1870 879 1952 φῆ
909 1863 1010 1954 plane
1042 1876 1172 1936 remota
1204 1875 1254 1936 est
1284 1863 1328 1935 ab
1361 1891 1438 1945 usu,
1468 1906 1470 1910 ·

247 1973 336 2045 'non
360 1972 474 2045 solum
498 1975 534 2043 in
557 1984 627 2043 arte
651 1973 757 2062 epica‚
782 1971 843 2043 sed
868 1973 970 2043 etiam
994 1970 1090 2062 apud
1113 1973 1300 2061 prosaicos.

356 2097 457 2168 Ultra
480 2098 695 2187 angustiores
722 2096 828 2167 huius
851 2095 1100 2167 dissertationis
1131 2094 1217 2167 fines
1248 2097 1350 2166 nimis
1381 2121 1438 2168 exa

265 2204 431 2285 cederem,
455 2204 484 2273 si
506 2229 701 2292 proponere
723 2202 848 2274 vellem
872 2204 999 2283 omnia,
1024 2229 1113 2292 quae
1136 2201 1181 2273 de
1206 2202 1438 2274 conclusionis

265 2337 332 2382 usu
367 2309 500 2400 collegi.
559 2313 680 2399 Itaque
715 2310 770 2381 me
808 2309 863 2381 hic
898 2311 1067 2400 restringo
1098 2308 1142 2380 ad
1179 2334 1287 2380 unum
1322 2309 1438 2380 locum
1530 2328 1531 2363 ³

265 2416 538 2489 Callimacheum
552 2420 589 2486 V
601 2419 659 2498 93,
673 2415 735 2488 ubi
747 2418 913 2488 orationis
927 2416 1205 2507 complexionem
1217 2415 1438 2505 depravatam

265 2549 338 2596 esse
361 2523 499 2613 liquido
523 2535 665 2594 constat.
712 2522 817 2595 codd.
842 2525 934 2594 enim
957 2523 1139 2594 exhibent:

398 2629 421 2696 οἳ
444 2638 506 2716 μὲν
529 2630 750 2719 οἷμοοτέραισι
775 2634 872 2716 φίλον
896 2640 970 2719 περὶ
995 2632 1105 2698 παῖδα
1129 2633 1283 2710 λαβοῑσα.

266 2742 338 2809 Iam
361 2737 461 2808 multi
491 2739 555 2809 viri
586 2736 681 2808 docti
704 2737 754 2808 illi
777 2739 864 2809 vitio
893 2737 1023 2809 mederi
1054 2739 1167 2808 conati
1198 2750 1295 2818 sunt;
1327 2764 1438 2827 nuper

266 2844 339 2916 Ud.
356 2844 401 2916 de
413 2843 927 2916 Wilamowitstoellendorff
937 2847 974 2915 in
989 2871 1051 2915 sua
1067 2844 1220 2916 editione
1236 2850 1279 2928 (a.
1297 2846 1402 2924 1897)
1413 2844 1438 2927 1)

266 2953 495 3022 coniecturam
534 2950 784 3042 promulgavit:
823 2943 885 3034 οἶγε
918 2959 980 3037 μὲν
1016 3006 1109 3032 ...,
1148 2950 1210 3022 sed
1244 2977 1317 3022 non
1350 2950 1439 3022 vidit

222 3147 226 3158 Ι
265 3083 356 3147 opus
380 3084 452 3129 esse
475 3057 584 3129 verbo
612 3057 769 3138 dicendi.
802 3056 901 3148 quod
924 3056 1194 3148 comprehendat
1216 3056 1321 3129 verba
1344 3083 1438 3147 praes

266 3164 431 3237 cedentia.
489 3167 627 3236 Rectius
662 3164 699 3236 id
733 3164 971 3236 intellexerant
1012 3167 1081 3236 iam
1124 3162 1304 3236 Heckerus
1338 3164 1379 3242 (oi
1408 3166 1438 3230 δ’

145 3336 146 3340 ,
266 3270 368 3348 I'van’,
386 3283 434 3348 -)
447 3283 480 3342 et
492 3270 693 3342 Meinekius
709 3277 775 3358 (φοῖ
789 3279 862 3358 μὲν,
880 3269 952 3357 ἅμα
968 3326 974 3338 .
990 3325 996 3339 .
1012 3284 1036 3349 .)
1044 3302 1054 3352 ;
1070 3270 1223 3361 denique
1245 3273 1438 3343 Passowius

265 3369 287 3465 ἤ
318 3388 374 3443 καὶ
406 3377 626 3468 ἀμφοτέροισι
762 3381 859 3450 Haec
895 3378 1016 3450 ultima
1050 3390 1240 3449 correctura
1273 3378 1359 3449 mihi
1393 3380 1439 3449 ita

266 3484 408 3565 arridet,
448 3497 487 3556 ut
521 3511 595 3556 eam
629 3484 864 3576 accipiendam
899 3512 971 3557 esse
1006 3485 1257 3557 affirmaverim.
1305 3486 1440 3556 Nititur

266 3604 380 3663 autem
415 3592 573 3682 analogia
603 3619 766 3664 versuum
795 3593 884 3665 Call.
909 3597 963 3666 IV
997 3595 1082 3665 153:
1117 3585 1139 3680 ἤ
1162 3602 1218 3659 καὶ
1243 3593 1353 3660 πολλοὶ

266 3711 300 3769 et
320 3703 373 3769 IV
390 3701 477 3770 228:
501 3691 524 3787 ἧ
545 3709 603 3765 καὶ
626 3699 696 3767 v‘no'
721 3703 873 3790 χρύσειον
890 3757 898 3771 .
917 3757 924 3771 .
942 3756 961 3782 .,
986 3700 1115 3790 quibus
1140 3702 1241 3771 etiam
1264 3697 1438 3780 adducor,

267 3817 305 3877 ut
335 3806 536 3896 particulam
565 3812 608 3896 ῥα
643 3809 731 3880 inter
760 3799 783 3896 ἤ
812 3820 846 3880 et
875 3822 936 3875 καί
968 3809 1081 3879 omitti
1115 3833 1217 3897 posse
1253 3805 1437 3877 confidam.

266 3915 430 3984 Ceterum
461 3915 689 4005 corruptelam
716 3915 826 4002 οἱμὲν
850 3915 1070 4003 ἀμφοτέροισι
1100 3941 1143 3986 eo
1167 3913 1324 3985 effectam
1354 3939 1438 3994 esse,

266 4019 365 4109 quod
400 4021 576 4092 conclusio
611 4022 784 4112 praecedit
816 4026 853 4095 V
878 4026 941 4094 82:
978 4021 1003 4090 οἳ
1032 4030 1094 4108 μὲν
1125 4020 1201 4108 ipa,
1237 4046 1438 4110 persuasum

266 4127 390 4199 habeo.

358 4344 384 4415 l)
402 4345 496 4400 Tertia
515 4342 605 4401 editio
624 4343 695 4402 mihi
713 4365 776 4402 non
794 4344 832 4403 ad
850 4365 968 4404 manum
988 4353 1036 4402 est.
