3092 5134
590 465 793 553 ..7..'

101 677 266 750 directam
288 680 459 750 transitur
500 678 765 768 Interpolatores
790 681 903 750 statim
927 705 970 750 eo
986 678 1101 768 detegi
1117 690 1275 767 possunt,

102 784 202 874 quod
227 787 315 856 sicut
337 787 560 856 recentissimi
583 786 671 874 epici
695 784 783 857 hanc
807 810 964 856 normam
986 797 1164 874 respuunt.

192 893 303 962 Etiam
333 894 428 982 ipsae
459 891 639 973 formulae,
669 890 712 962 de
738 890 868 982 quibus
892 893 1036 981 agimus,
1068 894 1105 962 in
1128 894 1276 982 antiquis

102 997 223 1068 oribus
262 997 470 1092 carminibus
503 1000 698 1069 Homericis
730 1024 882 1088 semper,
920 1011 1089 1088 quantum
1120 997 1277 1079 viderim,

102 1131 213 1175 unum
236 1129 374 1176 versum
398 1104 582 1195 complent,
616 1107 677 1195 qui
701 1132 786 1176 usus
810 1107 938 1176 iamin
968 1107 1053 1194 ipsis
1084 1107 1277 1176 recentioris

102 1211 169 1282 bus
187 1213 334 1283 Homeri
359 1211 567 1283 carminibus
590 1213 698 1301 magis
722 1214 902 1301 magisque
927 1213 1106 1292 evanescit,
1127 1214 1278 1302 primum

102 1322 139 1389 in
162 1321 360 1391 orationum
383 1318 666 1408 praefationibus,
692 1346 782 1409 quae
806 1321 951 1389 omnino
975 1321 1104 1389 maiore
1121 1317 1277 1391 libertate

103 1424 243 1497 dicendi
278 1425 464 1508 excellunt,
501 1424 628 1496 deinde
645 1439 647 1444 '
663 1427 699 1495 in
732 1423 1046 1514 complexionibus
1104 1428 1277 1515 Respicias

102 1532 217 1613 velim,
242 1544 455 1622 quantopere
479 1532 674 1604 adiuverint
697 1532 760 1602 hae
785 1531 953 1603 formulae
984 1531 1114 1622 rigidae
1146 1544 1277 1622 poetas,

103 1650 142 1709 ut
172 1651 332 1728 poemata
367 1641 439 1710 sine
478 1638 599 1710 litteris
630 1638 764 1710 facilius
797 1651 1045 1728 componerent
1080 1651 1113 1709 et
1144 1638 1277 1710 facilius

102 1748 170 1835 ipsi
201 1748 366 1816 memoria
398 1749 591 1817 retinerent.
640 1749 786 1835 Insuper
817 1771 951 1836 semper
982 1757 1087 1817 certas
1111 1745 1277 1816 formulas

102 1852 147 1923 ad
171 1852 403 1942 supplendam
433 1855 608 1924 materiam
640 1864 773 1942 paratas
797 1852 982 1934 habebant,
1013 1855 1043 1923 si
1071 1852 1158 1942 quid
1190 1855 1277 1924 excia

103 1958 208 2030 derat.
257 1959 368 2048 Quod
400 1959 444 2030 ad
468 1959 559 2030 hunc
584 1958 677 2030 diem
698 1958 851 2030 dilucide
876 1958 1057 2030 observare
1081 1972 1181 2049 potes
1204 1985 1277 2048 pere

102 2066 261 2148 lustrans
286 2092 359 2156 quo
376 2065 486 2137 modo
502 2065 605 2137 nobis
621 2065 799 2138 tradantur
815 2065 983 2137 formulae
1006 2067 1043 2137 in
1059 2065 1277 2137 membranis

103 2177 191 2245 Non
226 2175 318 2244 enim
352 2199 428 2244 raro
464 2171 597 2254 accidit,
633 2185 671 2243 ut
705 2198 778 2243 non
814 2172 929 2243 solum
959 2199 1064 2243 unam
1095 2172 1277 2244 lectionem

102 2283 231 2353 variam
263 2282 432 2361 invenias,
464 2279 525 2351 sed
554 2282 656 2351 etiam
688 2279 894 2368 complures
925 2281 972 2350 ita
1002 2290 1042 2350 ut
1072 2278 1277 2370 perdifficile

103 2390 146 2458 sit
169 2386 214 2458 ad
246 2386 530 2468 discernendum,
560 2413 730 2477 quaenam
761 2398 850 2457 recta
873 2387 935 2468 sit,
966 2387 1278 2476 nequereliquum

103 2497 147 2566 sit
178 2520 283 2584 quam
315 2506 353 2564 ut
377 2496 500 2584 optimi
524 2492 657 2583 ubique
682 2493 812 2565 codicis
842 2496 1037 2564 versionem
1060 2495 1277 2582 accipiamus.

103 2603 183 2672 Sine
211 2599 323 2671 dubio
348 2600 487 2671 illorum
511 2611 702 2689 poetarum,
727 2602 789 2689 qui
814 2602 961 2671 carmina
987 2602 1174 2670 Homerica
1197 2603 1277 2671 recia

102 2706 231 2788 tabant,
262 2707 349 2777 nihil
375 2706 446 2778 fere
469 2710 638 2788 intererat,
662 2719 778 2778 utrum
809 2707 896 2778 hanc
927 2720 986 2778 aut
1016 2706 1110 2777 illam
1142 2734 1184 2777 ex
1215 2732 1278 2778 nus
1315 2736 1324 2746 ’

102 2840 197 2885 mero
221 2812 449 2885 formularum
473 2813 645 2903 eligerent.

193 2922 333 2992 Summa
356 2932 471 2992 autem
501 2947 580 2991 cum
603 2923 864 3010 opportunitate
892 2920 970 2992 illae
1002 2920 1172 2993 formulae
1203 2947 1277 2991 mus

103 3053 182 3098 nere
214 3053 279 3098 suo
311 3026 514 3117 funguntur,
546 3052 626 3097 narn
657 3026 803 3115 implent
833 3029 1018 3108 iuncturas,
1052 3054 1141 3117 quae
1170 3026 1277 3108 hiant,

103 3132 166 3204 ubi
197 3135 369 3204 orationes
404 3132 532 3204 fabulis
567 3136 778 3214 inseruntur,
812 3134 915 3205 simul
945 3145 1078 3215 tamen,
1110 3136 1277 3224 quoniam
1335 3163 1340 3183 =

102 3239 190 3310 nihil
205 3242 290 3311 novi
305 3239 442 3310 addunt
452 3239 480 3327 1)
498 3239 542 3310 ad
560 3267 609 3322 ea,
629 3267 718 3330 quae
736 3266 881 3330 quoque
896 3240 976 3312 loco
992 3253 1181 3333 narrantur,
1204 3267 1277 3312 non

104 3358 297 3436 exposcunt
328 3345 394 3416 sibi
425 3346 640 3436 diligentiam
671 3347 878 3436 peculiarem
909 3346 1126 3419 audientium
1157 3360 1205 3429 et,
1240 3360 1278 3418 ut

103 3455 149 3523 ita
179 3453 309 3533 dicam,
341 3453 474 3524 occulte
506 3452 646 3535 faciunt,
671 3465 710 3524 ut
733 3456 850 3524 omnia
873 3480 934 3543 per
965 3466 1076 3544 partes
1108 3454 1278 3543 descripta

103 3559 225 3631 clarius
249 3571 434 3650 patescant.
818 3566 820 3569 ’

193 3670 265 3736 Iam
286 3692 632 3738 commemoraveram
648 3679 681 3738 et
698 3693 896 3757 presseram,
914 3680 1127 3758 quantopere
1146 3672 1277 3739 Homes

103 3800 161 3844 rus
196 3775 232 3843 in
267 3772 440 3843 eiusmodi
473 3772 701 3845 formularum
735 3801 802 3845 usu
838 3773 904 3845 sibi
939 3776 1137 3846 constiterit.
1191 3776 1277 3846 Sane

103 3891 143 3950 ut
165 3881 330 3969 imagines
362 3906 404 3949 ex
436 3905 510 3950 aere
542 3879 665 3951 ductae
697 3880 894 3952 immobiles
925 3879 993 3951 sibi
1025 3893 1182 3953 constant
1212 3881 1276 3953 hae

103 3985 282 4057 formulae.
317 3987 482 4056 Attamen
498 3988 721 4058 inveniuntur
736 3987 815 4069 loci,
841 3986 970 4078 quibus
986 3990 1159 4059 recesserit
1174 4000 1277 4078 poeta

103 4096 201 4164 avia
225 4119 295 4183 qua
318 4092 452 4183 ingredi
465 4187 467 4190 Ι
481 4094 578 4164 solet.
626 4097 708 4183 Qua
739 4094 784 4165 de
816 4121 916 4165 causa
948 4121 1028 4165 eum
1059 4094 1126 4166 hoc
1157 4095 1277 4166 fecisse

104 4205 233 4290 putas?
273 4199 452 4272 Interdum
475 4203 628 4272 excusari
653 4212 686 4272 et
708 4201 861 4291 intellegi
885 4228 987 4291 posse
1003 4202 1166 4274 videntur
1189 4204 1276 4273 eiusa

105 4304 319 4312 ——----—

196 4327 222 4397 l)
242 4329 276 4384 ln
295 4330 420 4396 antiquis
439 4324 558 4397 quidem
577 4331 724 4398 poematis.
