3092 5134
586 529 809 599 „51-

201 719 342 791 Habeas
367 723 469 792 etiam
493 721 537 792 de
560 725 655 794 vocis
679 724 834 811 ἐρεείνειν
856 727 893 794 in
909 723 1286 814 Odyssesfrequentia

101 827 275 898 tabulam.

201 991 320 1060 Exstat
342 991 483 1079 ἐρέεινε;
508 993 527 1057 d
556 992 640 1072 137;
665 1019 681 1058 ε
705 993 833 1081 85ί86;
857 1021 876 1061 v
905 995 982 1065 190.

250 1123 271 1159 ›>
340 1096 573 1186 οἷνειρόμενοςῑ
597 1101 617 1165 δ
640 1099 723 1180 461,
748 1101 830 1170 631.

250 1207 271 1266 ν
342 1203 509 1294 ἀνείρετο·
532 1233 551 1294 η
577 1207 635 1277 21.

250 1336 271 1373 ιο
339 1317 461 1402 sipoto:
485 1342 496 1378 ι
522 1314 604 1395 251,
628 1316 710 1385 402.

250 1444 270 1480 »
339 1419 497 1509 ἐξείρετο·
521 1447 541 1487 ν
568 1422 635 1491 127
659 1423 697 1507 (ε
725 1430 756 1487 Y
780 1422 851 1507 15).

251 1551 272 1588 ιο
339 1515 506 1616 ἐρεείνετοΙ
519 1529 642 1617 peristep:
666 1556 684 1618 ρ
708 1530 791 1600 305.

250 1659 271 1695 ›>
339 1632 375 1700 ἐκ
398 1641 429 1700 τ’
450 1635 598 1722 ἐρέοντο·
622 1662 641 1701 ιι
665 1638 722 1706 63.

200 1798 330 1885 Neque
342 1822 418 1866 raro
430 1795 497 1866 hoc
510 1796 656 1868 verbum
668 1811 861 1886 posuerunt
876 1801 911 1880 ii,
925 1801 986 1889 qui
999 1811 1079 1888 post
1092 1802 1287 1870 Homerum

108 1904 259 1973 carmina
282 1902 445 1985 fecerunt,
472 1915 510 1974 ut
533 1915 610 1974 ante
634 1906 680 1975 ita
704 1918 785 1994 post
809 1908 980 1977 orationes
1004 1905 1159 1977 directas.

200 2066 296 2135 Casu
322 2064 407 2135 mihi
430 2064 475 2136 ad
499 2092 641 2138 manum
664 2078 745 2137 sunt
767 2066 832 2138 hae
856 2066 1092 2138 inductiones:

109 2171 229 2258 hymn.
246 2173 283 2241 in
298 2172 419 2262 Apoll.
439 2173 501 2243 50:
528 2172 789 2263 ἀνειρομένη
808 2172 893 2239 ἐπεοι
911 2176 1094 2263 πτερόεντα
1113 2176 1286 2263 προσηύδα

110 2277 198 2349 ibid.
224 2281 312 2350 525:
336 2281 398 2347 τδν
421 2291 478 2346 καὶ
503 2279 792 2370 οἷνειρόμενος
817 2335 823 2349 .
850 2335 857 2348 .
883 2336 890 2349 .
921 2280 1037 2348 οἷντίον
1059 2281 1149 2369 ηὔδα

111 2385 146 2456 h.
170 2387 206 2457 in
229 2390 337 2457 Merc.
362 2389 451 2458 404:
477 2441 536 2455 ...
561 2389 652 2473 τοίχοι
677 2390 708 2455 δ’
731 2393 871 2478 εἴρετο
894 2390 1034 2474 κύδιμον
1057 2388 1174 2478 Ἑρμῆν

111 2493 147 2564 h.
171 2496 207 2564 in
230 2496 309 2567 Cer.
335 2497 399 2566 63:
510 2506 566 2563 καὶ
591 2499 730 2585 εἴρετο
755 2498 812 2563 διὀι
837 2498 957 2562 θεάων
1044 2515 1046 2519 ’

2 2670 12 2709 ᾖ
112 2601 271 2690 Bacchyl.
295 2605 382 2674 XVI
407 2605 455 2674 20
478 2615 511 2674 et
535 2605 597 2673 74:
706 2604 822 2693 εἶρέν
844 2631 880 2669 τε

112 2709 182 2798 Ap.
207 2708 322 2780 Rhod.
347 2713 400 2779 IV
428 2711 536 2780 1248:
562 2707 662 2788 ἄλλος
686 2701 812 2778 d'aeir’
835 2708 940 2794 ἄλλον
1040 2712 1287 2799 ἐξερέεινεν

114 2817 229 2905 Eurip.
255 2819 318 2887 Or.
343 2818 431 2887 874:
466 2815 652 2905 η’ρόμην,·
684 2817 822 2888 Callim.
855 2820 960 2907 epigr.
994 2821 1008 2887 Ι
1045 2818 1121 2906 1ί2;
1237 2844 1286 2894 τις

9 2937 11 2942 ’
115 2921 299 3012 οἷνήρετο
318 2924 491 2990 Πιττακδν
515 2921 601 2992 οὕτω
620 2978 626 2991 .
643 2978 672 2992 ..

4 3105 16 3157 η
116 3048 226 3138 Apud
244 3049 435 3121 Eudociam
451 3075 552 3139 saepe
575 3050 699 3141 legitur
715 3052 854 3140 είρώτεε,
878 3053 991 3138 εἴρετο,
1017 3048 1215 3135 οἷπιέμειπτο
1231 3061 1288 3117 καὶ

4 3218 17 3261 2»
117 3161 228 3246 εἴρετο,
253 3159 319 3230 κτλ.
367 3157 533 3246 Orpheus
556 3159 640 3247 Arg.
670 3159 754 3228 117:

275 3282 385 3372 αὕτοέρ
408 3284 605 3372 ἐμυθεόμην
628 3284 832 3373 ἐρεείνων
857 3281 985 3371 ἄνδρας
1009 3281 1170 3371 α’ρίοτονς,

10 3437 20 3504 ρ
118 3406 252 3479 Theod.
278 3408 368 3478 Rod.
393 3420 427 3479 et
449 3411 539 3480 Dos.
562 3418 594 3474 B
618 3410 681 3479 35:
791 3410 939 3498 ἐρωτᾷ.

206 3574 246 3640 ln
259 3571 423 3640 orationis
441 3569 506 3640 cla
516 3597 563 3640 us
574 3570 645 3641 ula
661 3571 778 3641 inveni
793 3571 948 3658 ἐρεείνειν
960 3566 1157 3639 adhibitum
1169 3568 1288 3656 hymn.

119 3680 154 3749 in
182 3681 290 3748 Merc.
317 3679 404 3749 313:
437 3676 547 3767 αδτοέρ
578 3677 652 3744 ἐπεὶ
682 3679 725 3742 τοὶ
759 3682 883 3742 ἕκαστοι
916 3676 1098 3764 διαρρήδην
1129 3675 1271 3764 ἐρέεινον
1279 3705 1289 3755 ;

8 3789 25 3824 ἰ
119 3786 185 3874 Ap.
203 3783 319 3855 Rhod.
337 3788 388 3854 III
407 3785 493 3855 317:
518 3801 592 3849 τοῖοι
608 3811 666 3868 μιν
682 3783 873 3874 ἐξερέοντα,·
897 3785 969 3872 Qu.
984 3783 1116 3869 Smym.
1129 3784 1201 3853 VII
1222 3783 1288 3852 182

17 3885 22 3932 ἐ
121 3890 161 3970 (ἐς
191 3889 286 3978 ἔφατ’
318 3894 503 3981 είρόμενος,·
538 3893 692 3961 Nonnus
724 3889 882 3980 paraphr.
916 3893 965 3959 III
1001 3890 1087 3958 137:
1123 3902 1183 3955 καί
1213 3911 1289 3974 σφιν

122 3997 375 4088 ἀνειρομένοισιν
404 4053 411 4068 .
437 4053 444 4068 .
471 4052 490 4078 .,
522 4000 575 4069 IV
601 3998 663 4068 33:
696 4005 843 4087 εἰρομένη
877 3997 908 4062 δ’
941 3994 1089 4083 ἀγόρευεν
1120 3998 1192 4065 VH
1226 3997 1288 4066 57²

10 4097 24 4208 J
121 4113 292 4195 εἰρομένοις
316 4107 358 4172 δέ
377 4106 445 4173 κτλ.

11 4343 30 4370 Ι,
204 4267 370 4356 Denique
394 4269 430 4337 in
455 4267 605 4357 pedestri
628 4291 786 4336 sermone
817 4266 921 4338 verba
953 4265 1188 4355 interrogandi
1212 4275 1289 4336 ante

122 4383 153 4444 et
174 4384 253 4460 post
276 4373 449 4445 orationes
473 4379 586 4466 posita
610 4371 764 4461 vulgaria
789 4384 878 4443 sunt.

1098 4493 1130 4552 4·
