3092 5134
721 417 970 536 4122-

833 691 865 729 α.

351 787 650 860 Praemonendum
681 800 731 859 est
762 790 912 877 primum
937 813 1057 857 omnes
1080 786 1199 867 libros,
1232 784 1363 876 quibus
1392 786 1437 855 de

261 895 469 967 Telemacho
499 908 663 976 narratur,
698 897 842 985 proprio
876 921 999 984 genere
1031 891 1170 965 dicendi
1205 892 1368 963 excellere
1404 905 1439 963 et

262 1003 480 1093 quarundam
520 1002 746 1073 formularum
785 1004 999 1091 provinciam
1034 1002 1178 1070 omnino
1217 999 1305 1071 ultra
1342 998 1437 1070 illius

261 1110 542 1182 »Telemachiae«
566 1110 652 1181 fines
676 1136 750 1179 non
773 1109 948 1180 excedere.

349 1217 521 1289 Attendas
534 1217 678 1288 alterum
691 1243 846 1306 quoque.
872 1220 923 1286 Ex
937 1215 1101 1286 omnibus
1114 1214 1241 1286 scilicet
1254 1212 1437 1303 Odysseae

263 1324 417 1415 partibus
463 1324 529 1395 illa.
559 1324 776 1395 Telemachia
815 1323 963 1413 plurima
1002 1349 1080 1394 cum
1120 1322 1227 1394 Iliade
1275 1324 1436 1409 (recenti)

262 1434 459 1503 communia
489 1432 594 1503 habet
625 1444 658 1502 et
688 1433 836 1502 maxime
863 1443 1068 1503 vetustatem
1099 1429 1179 1511 olet,
1215 1432 1302 1520 quin
1334 1431 1437 1501 etiam

262 1566 337 1610 eam
366 1542 590 1611 vetustiorem
621 1566 694 1610 esse
730 1564 835 1628 quam
869 1564 942 1608 non
976 1564 1085 1627 pauca
1121 1536 1239 1607 Iliadis
1276 1540 1436 1618 carmina,

262 1672 352 1735 quae
376 1658 510 1717 exstant
539 1648 575 1715 in
607 1645 736 1716 ultimis
766 1634 874 1726 libris',
906 1671 1107 1734 persuasum
1135 1643 1260 1714 habeo.
1317 1646 1437 1733 Quam

262 1756 501 1843 quaestionem
532 1752 671 1842 longius
702 1754 863 1842 persequi
895 1763 928 1822 et
960 1749 1138 1822 exhaurire
1168 1750 1236 1821 loci
1268 1753 1436 1840 angustiis

261 1859 461 1949 prohibeor.

352 1966 428 2038 Ind.
446 1996 468 2033 α
488 1970 575 2038 336:
601 1970 796 2057 δακρύσασα
818 1970 848 2033 d’
866 1966 1018 2033 ἔπειτα
1045 1967 1217 2054 προσηύδα
1234 1993 1309 2047 rec„
1333 1968 1436 2055 partis

262 2074 338 2145 cula
362 2074 479 2141 ἔπειτα
504 2078 643 2146 iteratur
664 2081 688 2154 β
713 2076 776 2155 39;
802 2079 819 2152 ζ
844 2076 913 2145 323
938 2073 1062 2150 (αὐτίκ’
1086 2072 1228 2150 ἔπειτα).

352 2180 515 2253 Offendit
538 2181 646 2252 concl.
671 2210 693 2247 α
720 2182 916 2251 360-361:
1040 2224 1042 2227 -

366 2289 389 2376 ἤ
412 2297 474 2373 μὲν
498 2291 711 2376 θαμβήσασα
736 2291 843 2355 πάλιν
868 2290 998 2354 οἶκόνδε
1021 2290 1194 2375 βεβήκειν·

266 2470 270 2481 ,
369 2398 495 2473 παιδός
518 2397 582 2486 γοέρ
605 2402 727 2481 potor·
744 2406 957 2479 πεπνυμένον
981 2394 1101 2461 ἔνθετο
1125 2400 1234 2484 θυμῷ,

262 2504 334 2575 hiat
357 2505 448 2574 enim
472 2515 552 2593 post
576 2505 741 2574 orationis
766 2501 954 2583 clausulam
977 2505 1125 2574 narratio
1149 2515 1183 2574 et
1198 2496 1436 2573 desideramus

263 2613 475 2691 sententiam,
500 2637 589 2699 quae
612 2612 770 2699 respiciat
793 2637 832 2680 ea
855 2608 970 2691 verba,
995 2636 1084 2699 quae
1100 2607 1320 2698 praecedunt.
1369 2609 1438 2680 Sed
1491 2671 1494 2686 ,

262 2718 354 2789 dicat
385 2720 561 2810 quispiam
581 2720 655 2789 vice
687 2716 919 2788 conclusionis
951 2716 1051 2806 fungi
1081 2715 1118 2787 id
1151 2715 1250 2806 quod
1282 2718 1440 2806 sequitur

261 2832 375 2911 μῦθον
422 2837 643 2909 πεπνυμένον.
705 2827 826 2913 Atque
868 2823 1025 2913 profecto
1072 2823 1215 2894 fortasse
1263 2824 1437 2895 eiusmodi

262 2958 372 3021 genus
397 2931 536 3003 dicendi
559 2934 738 3002 recentiori
762 2930 900 3002 cuidam
918 2929 1131 3001 Homeridae
1155 2933 1323 3020 imputare
1347 2930 1437 3011 licet,
1536 2964 1537 2969 ¹

264 3039 324 3110 sed
355 3042 463 3128 magis
495 3038 580 3108 mihi
611 3038 722 3127 placet
747 3038 866 3146 aliud:
906 3041 1084 3109 Duentzer
1116 3041 1224 3108 Hom.
1255 3036 1437 3108 Abhandl.

263 3174 320 3236 pg.
344 3148 524 3217 465-468
549 3145 799 3217 demonstravit
821 3174 876 3217 vv.
902 3174 924 3210 α
951 3146 1130 3215 343-364
1153 3144 1262 3216 factos
1294 3172 1367 3216 esse
1391 3146 1437 3216 ad
1536 3242 1537 3245 Ἴ

263 3254 438 3343 exemplar
471 3275 634 3325 versuum
670 3282 691 3338 φ
729 3254 920 3333 344-358,
959 3252 1080 3341 ibique
1120 3264 1201 3341 post
1235 3282 1257 3338 φ
1295 3254 1363 3323 353
1400 3255 1437 3324 in

263 3360 441 3431 nonnullis
486 3358 665 3431 codicibus
721 3362 880 3450 quamvis
920 3362 1063 3430 minoris
1103 3361 1202 3449 pretii
1214 3359 1242 3445 l)
1289 3358 1436 3448 legimus
1536 3366 1537 3369 ’

185 3484 186 3487 ’
263 3470 484 3540 sententiam:

370 3574 413 3655 ὥς
436 3578 533 3661 φάτο,
558 3580 687 3665 ῥίγησεν
711 3577 749 3640 δὲ
772 3588 940 3663 περίφρων
964 3576 1189 3661 Πηνελόπεια.

265 3681 447 3753 Habemus
463 3682 513 3753 ibi
529 3680 577 3763 id,
602 3680 701 3771 quod
718 3679 1018 3767 desiderabamus;
1043 3678 1104 3750 sed
1121 3693 1250 3751 certum
1266 3680 1436 3752 iudicium

243 3790 349 3860 'ferre
372 3816 446 3859 non
468 3789 593 3860 audeo,
641 3791 805 3861 Ceterum
830 3788 871 3899 cl.
897 3787 954 3858 Kf.
978 3814 1035 3877 pg.
1065 3789 1142 3858 175.
1184 3870 1185 3875 ¹

353 3895 429 3967 Ind.
455 3925 476 3963 α
503 3899 591 3967 383:
629 3898 707 3963 τόν
743 3899 773 3962 d’
809 3898 907 3963 αὖτ’
936 3894 1100 3974 Ἀντίνοος·
1133 3907 1322 3982 προσέφη
1359 3922 1435 3977 rec.,

264 4004 351 4077 anal.
379 4030 451 4074 non
482 4006 548 4074 nisi
579 4006 616 4074 in
646 4030 729 4074 rece.
763 4002 870 4074 Iliade
904 4001 964 4089 (cf.
990 4000 1034 4073 ad
1058 4010 1088 4067 Z
1114 4004 1198 4077 144)
1231 4014 1264 4073 et
1294 4004 1331 4072 in
1362 4002 1435 4073 Od.

265 4116 284 4179 d
308 4114 397 4191 641;
422 4140 439 4201 ρ
462 4113 552 4191 477;
577 4132 598 4176 σ
620 4112 708 4191 2843
737 4140 758 4195 φ
785 4111 866 4180 256.

356 4327 381 4397 l)
401 4334 436 4390 X,
456 4331 486 4382 in
506 4344 590 4395 marg.
611 4326 639 4382 O
658 4333 686 4381 et
704 4345 769 4382 cum
787 4331 911 4395 ,,σο’χος“
930 4322 983 4380 Mb.
