3092 5134
564 495 813 598 --ἰ7-Ι

182 711 248 783 Sed
266 723 346 801 post
362 714 558 782 Homerum
581 708 652 797 ἅμα
675 723 746 782 tam
763 736 830 781 usu
846 712 964 781 tritum
975 722 1040 791 est,
1064 722 1103 781 ut
1117 711 1263 800 longum

91 820 134 889 sit
169 818 326 907 exempla
361 831 575 899 enumerare;
611 829 645 888 at
678 829 793 889 tamen
828 843 936 906 pauca
972 843 1013 887 ex
1046 816 1197 889 Platonis
1231 829 1264 888 et

90 924 237 996 aliorum
272 925 437 1014 operibus
472 925 577 1014 elegi,
613 923 743 1015 quibus
778 926 911 996 varium
945 925 1044 994 istius
1079 923 1263 1013 particulae

90 1058 193 1103 usum
217 1060 414 1124 cognoscas.

179 1157 334 1230 Achilles
357 1161 432 1230 rat.
461 1123 498 1228 n
520 1157 590 1228 fab.
622 1156 666 1228 de
690 1161 768 1246 Lyc.
793 1156 932 1229 eterit.
956 1167 986 1222 E
1008 1159 1065 1238 21,
1086 1159 1122 1227 l:
1152 1162 1262 1224 wrm

91 1265 181 1350 ἔλεγε
204 1276 261 1333 καὶ
285 1263 357 1352 ἅμα
384 1321 455 1347 ...,
478 1267 514 1335 in
539 1263 658 1336 eadem
682 1263 977 1346 fabula1323,3:
1002 1275 1060 1331 καὶ
1085 1262 1156 1350 ἅμα
1174 1263 1265 1348 ἔλεγε

91 1384 148 1440 καὶ
172 1371 245 1460 ἅμα
378 1370 513 1443 Herod.
538 1377 553 1443 Ι
582 1374 666 1443 112;
699 1369 772 1457 ἅμα
803 1398 839 1438 τε
865 1377 975 1438 ταῦτα
1008 1370 1098 1454 ἔλεγε
1120 1383 1178 1438 καὶ
1333 1366 1336 1372 ’

91 1478 226 1551 Herod.
252 1484 302 1551 HI
327 1482 391 1550 65:
427 1477 500 1565 ἅμα
531 1506 566 1544 τε
597 1483 696 1557 εἴπας
726 1483 837 1546 ταῦτα
969 1477 1105 1549 Herod.
1128 1481 1216 1549 VIll
1242 1481 1264 1548 5

92 1589 129 1673 (a
153 1590 203 1658 IX
223 1590 305 1674 9l):
336 1591 445 1653 ταῦτα
481 1584 553 1672 ἅμα
585 1586 722 1677 ἠγόρευε
745 1596 880 1656 καὶ...
917 1585 1000 1656 Plat.
1025 1589 1116 1658 Prot.
1142 1587 1263 1657 335C

92 1706 125 1764 et
149 1694 232 1765 Plat.
250 1692 377 1765 Phaed.
407 1695 472 1764 117
497 1695 547 1764 C:
572 1703 629 1759 καῖ
654 1691 727 1779 ἅμα
750 1699 848 1760 ταῦτ’
870 1694 976 1760 εἰπών
983 1724 995 1775 ,·
1023 1692 1106 1763 Plat.
1124 1691 1263 1764 Charin.

96 1803 162 1871 162
180 1804 208 1871 Β
233 1813 266 1872 et
289 1799 417 1872 Phaed.
435 1803 478 1871 61
499 1802 548 1871 C:
573 1811 629 1866 καὶ
654 1798 727 1886 ἅμα
751 1805 862 1867 ταῦτα
886 1803 1069 1883 λέγων...
1094 1803 1264 1890 Frequens

90 1919 182 1979 tatur
203 1908 383 1999 genetivus
406 1905 599 1988 absolutus,
623 1919 662 1979 ut
681 1905 776 1996 apud
792 1906 966 1978 Achillem
982 1909 1057 1978 rat.
1074 1905 1119 1977 de
1136 1911 1214 1996 Lyc.
1231 1920 1265 1978 et
1396 1983 1398 1987 ,

92 2015 174 2086 Clit.
198 2024 234 2082 A
252 2019 320 2086 XII
342 2018 377 2086 l:
403 2013 476 2101 ἅμα
498 2017 528 2081 d’
544 2014 652 2082 αὐτοῦ
674 2017 834 2097 λέγοντος.
884 2013 1079 2103 Simplicius
1103 2027 1154 2086 est
1175 2013 1264 2085 illud

92 2133 161 2299 ἶοὲἒ
175 2120 337 2300 ὂέμαᾶἱειώ
362 2124 526 2193 orationis
551 2120 748 2232 clausulam·
763 2120 846 2193 Plat.
872 2125 948 2210 Lys.
973 2123 1099 2202 206E;
1124 2121 1264 2232 Charm.

182 2358 235 2426 Ut
258 2380 426 2425 summam
450 2353 588 2426 faciam:
621 2366 724 2443 poeta
747 2353 803 2436 id,
835 2353 934 2444 quod
962 2353 1088 2425 eodem
1110 2365 1265 2443 tempore

92 2473 196 2551 atque
220 2463 330 2532 oratio
354 2461 403 2543 fit,
428 2463 588 2550 exprimit

187 2589 222 2673 1)
246 2589 281 2657 in
305 2586 527 2657 conclusione
541 2599 652 2676 ’post
675 2588 877 2668 orationem,

182 2704 221 2788 2)
245 2704 281 2772 in
305 2701 506 2773 inductione
530 2714 628 2773 ante
653 2704 854 2774 orationem.
885 2719 888 2724 '

182 2819 220 2904 3)
246 2822 286 2888 In
310 2817 613 2907 complexionibus
636 2818 767 2890 adiecta
792 2818 956 2908 particula
973 2816 1045 2904 ἅμα
1071 2821 1142 2890 sive
1163 2821 1264 2890 etiam

91 2923 250 3013 pluribus
282 2923 395 2995 verbis
427 2927 603 3014 copiosius
635 2923 764 2996 indicat
798 2937 901 3033 poeta
936 2937 1012 2996 ante
1047 2927 1156 3014 ipsius
1191 2953 1286 2998 oras·

90 3033 196 3102 tionis
219 3031 324 3102 linem
348 3031 481 3122 aliquid
505 3031 678 3104 accidisse.

180 3158 221 3242 4)
247 3155 427 3228 Audacior
461 3157 586 3248 aliquis
623 3183 665 3228 eo
700 3157 886 3247 procedere
918 3170 1061 3247 poterat,
1094 3170 1142 3240 ut,
1175 3185 1264 3249 quae

91 3290 161 3334 una
177 3288 255 3334 cum
272 3265 427 3334 oratione
446 3264 545 3345 fiunt,
562 3291 597 3334 re
613 3291 692 3336 vera
708 3290 869 3336 unacum
882 3268 1037 3336 oratione
1050 3267 1264 3355 exprimeret,

91 3373 112 3441 i.
131 3397 159 3441 e.
176 3372 408 3460 interponeret
431 3374 589 3442 orationi.
627 3371 739 3461 Quod
755 3399 837 3444 sane
853 3385 973 3461 postea
989 3375 1025 3443 in
1041 3399 1144 3444 usum
1159 3375 1264 3455 venit,

92 3489 125 3548 at
148 3489 262 3548 tamen
286 3476 371 3549 ante¹
387 3480 562 3566 prosaicos
585 3504 689 3550 nemo
713 3478 750 3550 id
773 3506 879 3551 ausus
903 3506 976 3551 esse
998 3478 1145 3552 videtur.

181 3604 334 3674 Primum
358 3602 453 3692 apud
478 3603 656 3674 Platonem
679 3602 943 3693 philosophum,
971 3616 1109 3694 poetam
1133 3617 1166 3675 et
1189 3607 1265 3675 artis

92 3709 192 3780 ficem
215 3709 352 3800 linguae
376 3710 456 3782 talia
483 3711 645 3801 leguntur
675 3714 763 3783 sicut
795 3716 928 3802 Protag.
956 3713 1025 3783 318
1050 3715 1095 3783 E:
1126 3751 1183 3791 ‚‚-
1207 3723 1265 3778 καὶ

92 3815 164 3902 ἅμα
189 3822 235 3896 εἰς
258 3818 319 3884 τόν
342 3816 478 3898 Ἱππίαν
503 3817 682 3906 ἀπέβλεψε
706 3829 772 3889 -“.
814 3821 867 3890 Sic
884 3818 1011 3889 scilicet
1026 3818 1188 3891 effectum
1204 3831 1264 3900 est,

92 3935 131 3993 ut
153 3922 333 3995 videamus
362 3928 594 4014 Protagoram,
625 3923 712 3996 dum
742 3925 848 3997 verba
879 3924 969 4006 facit,
1001 3952 1036 3996 se
1069 3939 1264 3997 convertere

92 4029 136 4101 ad
162 4032 341 4120 Hippiam.
388 4031 494 4102 Conf.
520 4034 621 4104 etiam
653 4032 781 4103 Phaed.
809 4035 876 4102 115
900 4034 950 4104 C:
986 4072 1041 4111 „-
1065 4029 1210 4116 γελάσας
1235 4032 1265 4100 δ’

92 4135 165 4224 ἅμα
189 4137 295 4236 ἡσυχῇ
318 4149 375 4204 καὶ
399 4139 483 4227 πρός
506 4138 595 4227 ἡμᾶς
621 4139 828 4228 ἀποβλέψας
858 4140 971 4206 alnov.-
1000 4151 1065 4207 -“.
1123 4142 1264 4229 Saepius

50 4239 53 4246 ’
92 4245 215 4317 similia
239 4244 333 4334 apud
359 4247 539 4335 scriptores
563 4248 710 4318 eroticos
733 4246 904 4338 leguntur.
952 4248 1005 4318 Sic
1029 4249 1065 4318 in
1085 4245 1265 4318 Theodori

92 4351 161 4423 fab.
186 4350 230 4422 de
255 4350 439 4423 Rodantha
463 4366 496 4424 et
520 4353 662 4424 Dosicle
686 4357 775 4424 Vlll
804 4356 953 4443 173s74:

1089 4482 1105 4537 2
