3092 5134
584 530 808 599 ..67..

112 725 336 814 coniungitur
351 722 357 728 ’
370 735 429 795 aut
461 748 539 793 curn
573 723 703 804 dativo,
738 723 784 794 ad
816 749 921 814 quem
951 722 1125 795 interdurn
1155 723 1286 795 accedit

110 832 324 920 praepositio
339 830 406 901 ἐπί.
448 830 546 901 Idem
561 830 651 903 valet
670 830 715 901 de
731 857 833 902 versu
850 841 884 898 N
897 832 968 901 417
986 832 1016 918 (a
1031 833 1064 901 Ξ
1076 833 1165 918 458)
1182 856 1284 905 rece:

219 936 262 1018 oie
286 936 392 1022 ἔφατ’,
415 936 585 1027 Ἀργείοισι
610 939 638 1003 δ’
664 936 744 1024 ἄχος
767 943 869 1021 γένετ’
894 935 969 1013 εύξ
977 966 999 1002 α
1008 948 1186 1022 μένοντα,

111 1044 175 1115 ubi
199 1046 379 1136 genetivus
402 1043 608 1129 εὐξαμένοιο,
642 1070 715 1134 quo
747 1043 969 1133 amplificavit
1000 1056 1119 1115 auctor
1147 1070 1285 1116 versum

110 1161 147 1218 A
172 1153 250 1232 188,
274 1153 333 1222 vix
357 1177 400 1221 ex
423 1150 531 1222 verbo
555 1159 733 1234 γίγνεσθαι
749 1149 900 1240 pendere
924 1163 1050 1240 potest,
1073 1153 1120 1222 ita
1144 1163 1182 1222 ut
1205 1177 1285 1223 eum

110 1257 313 1329 absolutum
336 1257 463 1328 habere
487 1257 687 1329 debeamus.

201 1384 305 1453 Duos
328 1384 433 1472 igitur
455 1381 624 1454 habemus
647 1382 755 1464 locos,
788 1382 850 1453 ubi
881 1384 1075 1454 inveniatur
1105 1386 1284 1473 genetivus

109 1488 222 1560 absol.
269 1491 402 1560 Ceteris
426 1488 512 1559 locis
536 1488 691 1580 ambigui
715 1488 906 1571 haeremus,
930 1515 1014 1559 num
1041 1501 1152 1580 genet.
1174 1489 1283 1561 absol.

110 1594 314 1666 statuendus
350 1598 403 1676 sit,
438 1598 521 1685 quia
555 1599 735 1686 genetivus
770 1596 814 1667 ab
849 1596 924 1667 aliis
956 1595 1102 1666 vocibus
1134 1595 1284 1686 pendere

110 1714 235 1792 potest.
284 1706 365 1773 Huc
390 1704 554 1792 pertinet:

112 1818 145 1874 Τ
164 1811 253 1882 418:
278 1809 328 1888 dig
353 1808 435 1899 ἄρα
461 1813 741 1899 φωνήσαντος
765 1809 904 1899 Ἐρινύες
927 1809 1068 1896 ἔσχεθον
1093 1809 1212 1898 αὐδήν.

114 1925 147 1982 Υ
167 1917 318 2004 379ή80;
343 1915 386 1995 οῗς
404 1915 519 2002 ἔφαθ’,
535 1915 657 2004 Ἕκτωρ
675 1919 702 1983 δ’
721 1910 816 1996 αύτις
832 1918 967 1984 ἐδύσετο
983 1916 1134 2001 attempta
1151 1915 1284 2004 οἷνὸροῖν

345 2027 527 2112 ταρβήσας,
547 2022 601 2089 ὅτ’
620 2021 874 2092 ύκοοεθεού
890 2023 976 2090 ὅπα
994 2027 1283 2113 φωνήσαντος.
1312 2043 1315 2049 “

111 2149 278 2238 Denique
303 2149 323 2213 δ
348 2149 411 2221 76:

227 2260 302 2321 τού
326 2255 354 2320 δ’
379 2253 667 2344 α’γορεύοντος
694 2257 809 2331 ξύνετο
833 2257 966 2335 ξανθός
989 2242 1176 2336 Μενέλαος,

109 2360 173 2431 ubi
196 2363 376 2451 genetivus
401 2388 443 2432 eo
467 2363 576 2452 magis
600 2361 752 2433 absoluti
776 2365 925 2452 speciem
948 2362 1063 2444 habet,
1092 2362 1191 2454 quod
1216 2366 1283 2434 usia

108 2479 178 2538 tata
213 2467 321 2538 concl.
354 2471 400 2555 (e.
431 2495 464 2558 g.
496 2467 539 2547 oie
571 2471 657 2554 φοίτο
688 2471 782 2556 sirn.)
814 2468 920 2540 deest.
975 2468 1043 2540 Sed
1077 2468 1122 2540 ad
1154 2482 1283 2541 certum

108 2573 279 2645 iudicium
313 2577 490 2664 pervenire
525 2577 584 2646 vix
616 2578 817 2667 poterimus.
865 2576 906 2647 Id
936 2588 1050 2647 tamen
1081 2602 1283 2666 persuasum

39 2709 44 2718 “
108 2681 225 2752 habeo
249 2710 291 2753 ex
316 2681 489 2754 eiusmodi
512 2682 597 2754 locis
620 2681 761 2754 tandem
792 2685 908 2773 ipsum
939 2696 1050 2774 genet.
1082 2683 1282 2754 absolutum

109 2800 225 2858 ortum
249 2815 332 2870 esse,
357 2791 419 2878 qui
442 2801 523 2878 post
539 2793 736 2860 Homerum
759 2792 796 2860 in
820 2817 923 2860 usum
945 2803 1102 2880 receptus
1126 2802 1186 2861 est.
1228 2793 1281 2861 Sic

108 2897 181 2965 iam
202 2895 297 2985 apud
322 2895 509 2966 Pindarum
532 2896 616 2986 legi:

110 3019 210 3108 Pyth.
236 3023 289 3090 IV
313 3022 401 3093 232:
431 3019 481 3100 oie
507 3019 568 3110 ἄρ’
598 3020 679 3087 αύδ
690 3023 878 3100 ἄσαντος
907 3021 979 3088 οἷπύ
1005 3025 1140 3111 κροκόεν
1163 3034 1282 3111 ρίψαις

810 3127 924 3195 Ἰύσων
948 3128 1025 3212 εἷμα
1049 3134 1124 3219 θεῷ
1148 3142 1282 3208 πίσυνος

109 3245 143 3304 et
167 3235 271 3303 Nem.
296 3237 328 3304 X
353 3236 416 3306 89:
449 3233 499 3313 uie
531 3232 591 3320 ἄρ’
622 3233 901 3314 αύδοὶσαντος
934 3235 972 3302 ού
994 3239 1109 3326 γνώμα
1134 3236 1283 3302 διπλόαν
1340 3265 1345 3272 ’

522 3351 524 3358 ’
1038 3349 1123 3408 θέτο
1144 3345 1282 3422 βουλάν.

108 3464 220 3553 Apud
252 3477 381 3536 ceteros
417 3491 517 3555 saepe
552 3465 677 3556 legitur
707 3477 819 3556 genet.
852 3465 1034 3536 absolutus
1068 3469 1282 3555 compositus

110 3599 152 3643 ex
177 3573 363 3661 participiis
388 3574 544 3657 φάμενος,
568 3575 674 3656 λέγων
698 3575 772 3642 sim.
814 3571 881 3643 Sed
904 3572 987 3644 haec
1012 3575 1092 3644 satis
1107 3572 1175 3643 hoc
1191 3573 1282 3644 loc0.

110 3681 167 3749 De
205 3690 316 3769 genet.
339 3678 462 3749 absol.
498 3678 593 3769 apud
633 3683 830 3750 Humerum
869 3678 1028 3751 adhibito
1067 3678 1169 3750 ade'as
1199 3678 1281 3768 Joh.

109 3785 274 3858 Classen:
297 3784 420 3856 »Uber
436 3784 505 3856 den
520 3784 760 3857 homerischen
778 3785 1114 3876 Sprachgebrauch«,
1139 3789 1281 3857 Francos

109 3892 192 3963 furti
216 3891 260 3963 ad
284 3896 458 3963 Moenum
482 3919 511 3963 a.
540 3894 643 3974 1879,
667 3919 724 3983 pg.
753 3894 822 3963 160
845 3919 942 3983 seqq.

589 4198 802 4224 *¹7⁸*
