3092 5134
769 501 969 568 -3..

282 696 380 768 modi
397 698 617 787 exceptiones
634 707 667 766 et
687 696 891 766 assentimur
914 694 1023 765 Paulo
1047 697 1172 775 Cauer,
1197 696 1259 785 qui
1283 693 1453 766 Grundfr.

283 829 339 893 pg.
357 805 429 873 240
460 804 610 893 scripsit:
643 805 740 873 »Das
770 800 898 872 bedarf
919 803 955 891 ja
986 800 1081 872 wohl
1111 800 1308 891 iiberhaupt
1338 801 1455 871 keiner

282 909 500 981 besonderen
512 908 779 998 Versicherung,
792 907 871 979 dass
884 907 972 979 auch
984 910 1021 978 in
1033 907 1103 980 den
1115 914 1272 998 spiteren
1285 905 1454 978 Perioden

283 1016 344 1088 der
367 1016 549 1107 Dichtung
572 1015 664 1087 noch
689 1014 953 1106 eigentiimliche
977 1015 1095 1086 Krafte
1119 1014 1349 1086 aufkommen
1379 1012 1453 1084 und

283 1122 477 1195 entwickelt
500 1122 640 1195 werden
663 1123 831 1208 konnten,
856 1148 922 1193 nur
944 1121 1047 1212 ergab
1072 1148 1108 1192 es
1132 1121 1203 1193 sich
1228 1121 1321 1192 dann
1340 1126 1454 1191 natiirs

282 1230 360 1313 lich,
374 1229 453 1302 dass
467 1234 541 1302 eine
558 1230 669 1301 starke
682 1229 859 1319 poetische
873 1229 1065 1320 Begabung
1076 1231 1113 1299 in
1125 1228 1268 1300 anderer
1281 1227 1455 1317 Richtung

282 1336 354 1408 sich
377 1336 551 1429 betiitigte,
576 1337 624 1408 als
648 1336 705 1408 die
730 1335 792 1407 der
814 1336 952 1418 alteren
976 1336 1187 1407 keuscheren
1210 1334 1368 1407 Denkart
1397 1361 1454 1424 ges

281 1450 370 1515 m'a'ss
393 1471 552 1534 gewesen
575 1470 678 1525 wan«
710 1443 771 1514 sed
803 1469 905 1534 saepe
936 1444 1021 1514 tales
1053 1454 1143 1524 sunt,
1176 1455 1215 1514 ut
1237 1445 1297 1514 vix
1328 1441 1454 1532 aliquis

282 1563 416 1622 censeat
439 1577 495 1623 eas
519 1553 687 1642 originem
711 1550 837 1622 ducere
853 1576 955 1640 posse
973 1577 1015 1620 ex
1032 1554 1202 1631 Homero,
1226 1562 1259 1620 et
1275 1552 1304 1620 si
1319 1575 1454 1621 mecum

281 1657 495 1741 consideras,
536 1670 750 1749 quantopere
785 1683 858 1728 non
892 1677 1021 1747 paucae
1059 1659 1147 1727 inter
1181 1684 1216 1727 se
1251 1667 1454 1746 repugnent,

281 1765 389 1848 facile,
407 1765 521 1848 credo,
538 1767 705 1856 percipies
721 1761 855 1836 nostras
871 1763 1130 1836 observationes
1146 1762 1280 1854 aliquid
1301 1762 1454 1834 conferre

281 1900 383 1963 posse
412 1873 456 1944 ad
481 1871 743 1944 convellendam
771 1897 892 1943 eorum
923 1873 1137 1962 opinionem,
1169 1872 1231 1961 qui
1262 1881 1455 1961 queruntur

279 1992 405 2074 temere
429 1980 577 2070 discerpi
602 1981 749 2050 carmina
774 1980 971 2050 Homerica.

370 2087 503 2159 Scilicet
519 2083 598 2157 'non
621 2085 785 2157 blandior
800 2085 886 2157 mihi
901 2112 1016 2176 neque
1032 2111 1134 2175 spero
1152 2085 1303 2156 confisus
1320 2079 1454 2175 exiguis

280 2196 365 2265 meis
389 2192 692 2266 observationibus
717 2219 857 2265 omnem
880 2217 935 2264 me
952 2195 1141 2271 carminum
1156 2192 1296 2264 illorum
1313 2218 1454 2283 compoa

280 2303 441 2372 sitionem
464 2303 511 2372 ita
534 2303 571 2371 in
595 2327 673 2371 suas
695 2312 807 2390 partes
825 2298 1014 2371 dissolvere
1030 2325 1143 2389 posse,
1168 2310 1207 2369 ut
1222 2299 1310 2390 quid
1327 2301 1453 2389 cuique

280 2410 367 2498 parti
392 2421 425 2480 et
448 2410 549 2479 aetati
571 2405 798 2478 tribuendum
823 2409 876 2487 sit,
901 2408 981 2477 satis
1005 2405 1231 2496 probabiliter
1251 2405 1453 2486 definiatur;

280 2527 314 2586 at
335 2526 450 2586 tamen
473 2540 546 2585 non
569 2514 691 2585 inutile
716 2525 767 2585 est
791 2512 981 2603 collegisse,
1006 2512 1136 2603 quibus
1148 2502 1236 2583 locis
1253 2539 1338 2584 usus
1352 2515 1453 2584 tritus

279 2621 415 2699 relictus
438 2624 500 2702 sit;
532 2647 612 2692 nam
636 2647 736 2710 saepe
760 2620 937 2692 adiutores
961 2619 1075 2691 habeo
1099 2622 1192 2691 viros
1223 2619 1358 2702 doctos,
1391 2622 1454 2709 qui

279 2741 356 2800 ante
371 2745 434 2800 ‘me
459 2732 655 2800 Homerum
682 2729 970 2818 perquisiverunt.

367 2837 519 2908 Acturus
535 2837 640 2925 igitur
652 2861 729 2906 sum
744 2836 913 2925 imprimis
929 2834 974 2904 de
986 2833 1154 2915 versibus,
1172 2835 1233 2924 qui
1245 2833 1453 2904 abhorreant

278 2941 406 3015 ab'usu
428 2942 520 3024 trito,
543 2968 617 3012 non
641 2941 685 3012 de
708 2941 776 3012 hoc
801 2968 867 3012 usu
890 2944 980 3031 ipso,
1004 2967 1084 3012 nam
1100 2943 1129 3012 si
1144 2942 1252 3012 totius
1269 2952 1451 3012 consuetae

279 3050 370 3122 dinis
389 3052 595 3122 Homericae
619 3048 879 3120 observationes
899 3074 1094 3139 proponere
1106 3046 1242 3129 vellem,
1258 3050 1295 3117 in
1310 3050 1452 3118 immens

279 3183 356 3229 sum
379 3147 446 3229 hoc
470 3157 680 3246 opusculum
712 3167 883 3237 cresceret,
914 3181 1028 3245 neque
1059 3154 1223 3235 viderem,
1256 3154 1343 3244 quid
1367 3155 1452 3226 lucri

279 3291 426 3354 caperes,
450 3266 479 3334 si
502 3289 623 3335 omnes
646 3262 716 3358 tibi·
735 3261 902 3333 formulas
921 3261 1049 3332 tabulis
1066 3260 1252 3350 descriptas
1269 3261 1313 3332 ad
1330 3261 1451 3333 oculos

279 3371 559 3443 demonstrarem.
600 3370 667 3441 Sed
691 3397 735 3440 ne
759 3368 932 3440 desideret
955 3368 1081 3458 aliquis
1103 3370 1203 3458 quasi
1226 3367 1452 3440 fundamenta

232 3547 234 3552 s
278 3478 382 3549 huius
406 3478 666 3559 dissertationis,
690 3478 872 3566 praemitto
897 3477 1190 3546 enumerationem
1214 3501 1330 3546 earum
1353 3503 1451 3566 regua

277 3585 388 3682 larum
423 3583 681 3674 principalium,
717 3609 804 3674 quas
841 3587 1036 3654 Homerum
1071 3581 1138 3653 sibi
1172 3585 1331 3672 posuisse
1366 3582 1452 3653 mihi

278 3694 447 3784 apparuit.

270 3828 272 3834 ·
369 3799 501 3895 Scilicet
531 3798 595 3870 hae
628 3825 748 3869 omnes
780 3797 952 3888 quadrant
981 3799 1018 3882 in
1052 3809 1182 3869 veteres
1217 3809 1251 3868 et
1284 3800 1452 3887 genuinas

278 3909 467 3980 carminum
503 3907 772 3976 Homericorum
807 3916 930 3994 partes,
967 3931 1056 3994 quae
1090 3904 1238 3995 simplici
1273 3917 1306 3975 et
1337 3930 1452 3995 aequo

278 4040 401 4104 genere
424 4011 564 4084 dicendi
589 4011 804 4099 excellunt.1)
977 4015 979 4018 ’

369 4174 396 4244 1)
416 4176 549 4232 Ceterum
569 4173 713 4230 nonnulla
733 4179 915 4245 reperiuntur
933 4181 1067 4244 congesta
1085 4178 1117 4238 in
1143 4171 1340 4230 dissertatione
1359 4172 1452 4230 Tilsae

277 4283 356 4320 anno
372 4266 440 4321 1890
452 4262 604 4335 publicata,
625 4283 710 4336 quam
723 4268 833 4335 scripsit
846 4261 920 4320 Rob.
935 4261 1027 4319 Schau
1046 4261 1100 4319 »de
1114 4260 1251 4328 formulis,
1265 4283 1336 4334 quas
1349 4270 1451 4334 poetae

278 4355 379 4415 Graeci
397 4357 428 4412 in
447 4350 633 4442 conclusione
652 4356 791 4410 orationis
809 4350 931 4410 directae
950 4359 1135 4424 posuerunt«.
